3464 5366
815 367 1010 472 ...ΗΑ

284 587 468 671 terrogavit
491 583 671 650 multitudo
695 585 901 652 audientium
924 587 1116 675 Apostolos,
1149 590 1228 677 quid
1264 589 1422 658 faciemus
1459 591 1523 657 viri

281 671 432 740 fratres?
455 673 576 738 Petrus
601 692 678 737 vero
701 695 762 760 pro
785 679 857 756 toto
881 676 1119 761 Apostolorum
1143 677 1249 744 Coetu
1275 699 1303 742 v.
1327 677 1379 743 33.
1394 700 1528 766 respon·

283 761 354 827 dit:
387 760 632 831 Poenitentiam
655 761 757 846 agite,
782 766 815 827 et
838 759 1028 849 baptizetur
1051 764 1277 853 unusquisque
1321 772 1471 832 vestrum
1493 767 1528 831 in

282 848 413 915 nomine
434 846 561 916 Christi
584 847 620 912 in
642 848 866 916 remissionem
889 855 1108 937 peecatorum,
1133 859 1168 918 et
1190 852 1378 941 accipietis.
1407 853 1527 921 donum

281 935 428 1026 Spiritus
451 934 576 1014 Sancti,
600 941 635 1000 et
655 935 754 1021 juxte
776 960 807 1003 v.
831 938 883 1003 41.
909 939 1070 1026 baptizati
1094 947 1174 1006 sunt
1195 939 1254 1005 illo
1279 941 1395 1006 dicad
1433 964 1526 1029 prae·

281 1024 479 1093 dicationem
501 1022 597 1090 Petri
616 1022 703 1089 cirea
726 1027 791 1090 tria
811 1025 930 1092 ‚millia
956 1027 1020 1093 Sed
1044 1029 1075 1093 'et
1097 1028 1224 1116 primus
1246 1029 1336 1095 inter
1345 1028 1528 1118 Apostolos

281 1113 402 1182 Petrus
425 1110 701 1200 praedicationem
725 1133 827 1178 suam·
841 1113 1000 1181 miraculo
1023 1116 1203 1182 roboravit.
1229 1116 1391 1183 Actorum
1414 1116 1526 1184 CIII.

280 1225 312 1266 v.
336 1202 366 1268 6.
385 1226 392 1267 ε
415 1201 538 1267 Petrus
561 1203 672 1277 autem
696 1199 780 1266 dixit
803 1202 919 1268 claudo
943 1225 983 1269 ex
1005 1203 1200 1270 nativitate:
1225 1203 1265 1270 In
1288 1205 1419 1273 nomine
1441 1205 1528 1272 Jesu

280 1290 406 1357 Christi
430 1289 595 1356 Nazareni
619 1286 690 1353 dieo
714 1288 776 1355 tibi
799 1311 899 1376 surge
922 1298 957 1356 et
979 1293 1121 1372 ambula,
1145 1297 1180 1360 et
1203 1293 1408 1380 apprehensa
1427 1314 1528 1359 manu

280 1379 426 1444 elevavit
448 1375 612 1455 claudum,
637 1382 670 1440 et
695 1378 848 1464 protinus
872 1378 1011 1445 exiliens
1024 1380 1123 1446 stetit
1135 1386 1170 1446 et
1181 1380 1384 1446 ambulabat.
1398 1381 1526 1447 Eodem

280 1466 399 1554 Capite
422 1489 453 1530 v.
479 1465 552 1530 12:
576 1462 703 1530 Videns
728 1469 836 1531 autem
861 1467 984 1534 Petrus
1007 1467 1179 1557 respondit
1201 1468 1245 1534 ad
1275 1469 1442 1557 populum.
1468 1468 1528 1537 Ca—

278 1554 340 1640 pit.
364 1552 422 1621 IV.
447 1576 478 1617 v.
503 1551 534 1616 8.
557 1573 666 1618 coram
690 1550 855 1640 Synedrio
879 1555 1074 1622 constitutis
1119 1556 1315 1644 Apostolis:
1362 1557 1528 1644 Repletus

278 1641 400 1708 Petrus
423 1639 554 1727 Spiritu
577 1641 710 1720 Sancto,
734 1640 820 1707 dixit
843 1642 884 1707 ad
909 1665 984 1722 eos:
1011 1643 1204 1732 „Principes
1251 1666 1268 1710 o
1292 1644 1341 1712 uli
1365 1653 1400 1710 et
1422 1645 1528 1712 senio-

278 1751 332 1796 res
355 1729 501 1795 audite.“
525 1727 611 1794 Ecce
633 1726 835 1813 Magistrum
856 1729 1027 1797 Ecclesiae
1050 1732 1197 1798 Petrum.
1222 1667 1291 1799 ded
1309 1732 1529 1820 videamusot

278 1817 698 1992 lllilim⁹iit¹pimtir
713 1815 1099 1990 tgtt‘lttdlttt
1112 1820 1529 1997 Pittlitmifdmhlii

533 1955 539 1968 ¹
598 1953 616 1983 ·r
861 1957 867 1970 ·
1028 1958 1034 1985 a

278 1992 502 2080 vendiderunt
525 2013 642 2078 agrum
665 2013 724 2079 pro
748 1995 959 2081 pauperibus,
984 2001 1018 2060 et
1041 1995 1286 2062 fraudaverunt
1330 1998 1371 2062 dc
1416 1996 1527 2084 pretio

278 2081 361 2168 agri,
385 2087 514 2169 partem
538 2084 671 2145 tantum
694 2079 884 2150 adferentes
908 2082 951 2148 ad
973 2083 1165 2172 Apostolos,
1190 2107 1221 2150 v.
1245 2083 1526 2153 5.dixitPetrus:

278 2170 420 2250 Anania,
445 2191 504 2239 cur
527 2169 689 2234 mentitus
712 2189 747 2234 es
770 2169 913 2257 Spiritui
936 2169 1090 2252 Sancto?
1125 2178 1158 2237 et
1182 2171 1358 2239 confestim
1403 2172 1525 2239 cecidit

278 2257 409 2324 Anania
432 2263 467 2322 et
489 2262 642 2322 mortuus
665 2261 726 2322 est.
750 2256 798 2322 Et
821 2282 852 2324 v.
877 2259 907 2324 9.
922 2257 1082 2346 Saphirae
1094 2259 1189 2326 uxori
1202 2259 1274 2348 ejus
1285 2258 1372 2327 dixit
1383 2260 1525 2328 Petrus:

278 2340 337 2412 our
360 2346 501 2412 tentasti
525 2343 689 2432 Spiritum
712 2343 905 2412 Sanctum?
928 2353 962 2413 et
986 2348 1162 2415 confestim
1185 2348 1306 2416 cecidit
1340 2347 1460 2418 mulier
1482 2350 1527 2416 ad

277 2433 377 2521 pedes
400 2432 503 2514 Petri,
528 2442 562 2498 et
586 2432 779 2519 exspiravit.
805 2433 923 2520 Capite
946 2441 1059 2502 autem
1080 2436 1123 2504 V.
1149 2459 1180 2504 v.
1218 2436 1280 2517 15,
1299 2436 1527 2525 *exponebant

277 2521 425 2588 infirmos
449 2543 536 2602 suco,
560 2529 600 2586 ut
622 2523 777 2587 veniente
799 2522 902 2589 Petro
926 2545 980 2589 eos
1004 2524 1123 2591 saltem
1147 2524 1265 2591 umbra
1286 2524 1380 2591 illius
1415 2524 1527 2591 obum-

276 2609 400 2691 braret,
425 2613 459 2677 et
482 2615 690 2676 sanarentur.
714 2608 762 2674 Et
785 2609 903 2698 Capite
926 2611 1002 2679 XV.
1030 2613 1064 2677 in
1088 2611 1223 2700 Synodc
1247 2635 1320 2679 cum
1337 2612 1524 2700 Apostolis,

277 2699 444 2787 seipsum
467 2697 568 2764 etiam
590 2697 625 2763 in
649 2695 784 2783 Synodo
807 2698 995 2786 Principem
1004 2699 1204 2786 Magistrum
1215 2700 1368 2767 exhibuit
1378 2701 1525 2766 Petrus—2

276 2792 311 2852 et
335 2786 477 2872 judicem
500 2785 811 2853 controversiarum.
843 2810 873 2852 v.
898 2787 946 2852 7.:
972 2787 1119 2874 Surgens
1142 2789 1264 2854 Petrus
1281 2788 1366 2855 dixit
1380 2788 1526 2877 adApo-

276 2874 382 2941 stolos
404 2879 640 2960 congregatos:
668 2871 763 2953 „Viri
786 2873 920 2955 fratres,
945 2898 1003 2941 vos
1027 2875 1131 2957 scitis,
1156 2877 1310 2964 quoniam
1320 2878 1362 2943 ab
1376 2876 1525 2964 antiquis

277 2962 392 3030 diebus
415 2963 506 3028 Deus
529 2963 565 3026 in
589 2961 684 3027 nobis
708 2961 812 3048 elegit
833 2985 893 3050 per
916 2985 952 3029 os
975 2986 1081 3030 meum
1106 2965 1221 3031 audire
1244 2973 1363 3050 gentes
1387 2964 1525 3042 verbum

276 3049 456 3137 Evangelii
468 3048 644 3117 etoredere
660 3072 667 3134 ;
689 3054 723 3114 et
732 3073 764 3115 v.
779 3049 829 3116 10.
844 3075 851 3115 :
875 3051 973 3118 Nunc
984 3074 1062 3137 ergo
1076 3076 1083 3137 ;
1097 3051 1454 3140 quidtentatis·Deum,
1464 3053 1525 3118 im-

275 3161 396 3227 ponere
420 3144 569 3205 volentes
589 3138 707 3224 Jugum
729 3138 1003 3223 (circumcisionis
1027 3149 1062 3207 et
1086 3141 1319 3208 observantiae
1331 3141 1415 3226 legis
1427 3139 1524 3227 Moy·

276 3228 336 3313 sis)
360 3249 432 3294 oum
456 3249 488 3293 v.
513 3226 563 3292 11.
587 3248 653 3292 non
675 3247 736 3313 per
759 3227 1041 3294 circumcisionem
1066 3235 1101 3295 et
1123 3229 1230 3316 legem
1253 3228 1383 3317 Moysis
1396 3228 1452 3296 sed
1462 3250 1525 3316 per

274 3319 415 3402 gratiam
438 3315 574 3382 Domini
597 3314 704 3381 nostri
727 3312 812 3382 Jesu
835 3315 963 3382 Christi
986 3313 1148 3383 eredimus
1174 3317 1337 3384 hominem
1365 3317 1523 3383 salvari.“

372 3403 437 3470 Sed
460 3409 494 3471 et
517 3425 722 3470 successores
744 3403 910 3492 Principis
934 3405 1160 3493 apostolorum
1203 3405 1298 3471 Petri
1343 3404 1524 3472 Pontifices

275 3493 419 3560 Romani
442 3492 611 3558 criterium
636 3490 827 3559 Catholicae
868 3492 995 3560 Christi
1028 3493 1199 3560 Ecclesiae
1244 3499 1323 3560 ante
1367 3492 1522 3579 Synodos

276 3583 498 3648 oecumenicas
520 3579 673 3668 pluribus
696 3580 836 3646 saeculis
860 3581 894 3646 in
919 3582 1058 3668 seipsis
1082 3588 1252 3670 tamquam
1265 3580 1435 3648 Ecclesiae
1447 3580 1525 3646 fun·

276 3669 439 3736 damantis
463 3669 692 3736 exhibuerunt.
717 3668 771 3734 Sic
794 3668 925 3734 saeculo
948 3668 976 3735 Ι.
1001 3669 1127 3736 exortis
1150 3670 1185 3740 in
1209 3667 1361 3736 Ecclesia
1406 3667 1525 3736 Corin·

274 3756 422 3825 thiorum
446 3756 716 3836 dissensionibus,
741 3759 892 3844 quamvis
915 3756 947 3823 S.
971 3757 1120 3824 Joannes
1164 3757 1350 3845 Apostolus
1395 3756 1527 3910 Ephesi

275 3846 373 3913 vivus
396 3851 431 3912 et
455 3844 584 3911 vicinus
608 3851 716 3929 esset;
740 3852 851 3911 tamen
876 3867 931 3910 eas
955 3845 987 3910 S.
1035 3845 1186 3912 Clemens
1232 3845 1402 3912 Romanus
1454 3845 1525 3912 etri

276 3955 443 4002 successor
466 3933 660 4021 composuit.
684 3932 821 3999 Saeculo
845 3931 891 3998 Π.
916 3933 1103 3999 haereticus
1126 3933 1276 4000 Marcion
1303 3933 1525 4001 excommuni-

276 4029 369 4090 catus
392 4022 434 4088 ad
457 4042 677 4090 successorem
699 4021 793 4087 Petri
816 4042 881 4108 qna
904 4042 1093 4122 supremum
1113 4019 1260 4108 judicem
1283 4021 1423 4088 Romam
1466 4043 1526 4108 ap·

274 4110 426 4200 pellavit.
449 4109 574 4176 Eodem
598 4108 729 4176 saeculo
752 4109 798 4175 Π.
823 4109 855 4174 S.
880 4107 1076 4197 Polrcarpus
1099 4109 1221 4197 Episeo
1246 4132 1285 4176 us
1308 4109 1524 4190 Smirnensis,

275 4201 318 4266 ad
341 4199 594 4287 componendam
619 4220 750 4266 eausam
775 4195 883 4286 quoad
907 4203 1038 4284 tempus
1062 4133 1250 4264 celebrandi
1268 4196 1526 4264 PaschatisRo·

274 4310 362 4354 mam
382 4287 563 4375 profectus,
587 4293 622 4353 et
644 4290 846 4353 sententiam
869 4284 1006 4351 Aniceti
1029 4284 1124 4352 Petri
1147 4285 1522 4372 successorisexpetiit;

276 4376 370 4464 eujus
393 4398 562 4443 successor
582 4374 711 4456 Victor,
736 4373 862 4442 auditis
884 4372 1060 4460 Episcopis
1083 4395 1148 4455 eos,
1173 4375 1230 4527 qlpi
1252 4374 1293 4440 ab
1306 4374 1523 4440 observantia

275 4464 444 4532 Ecclesiae
466 4464 636 4532 Romanae
658 4463 766 4552 quoad
801 4459 1057 4546 celebrationem
1102 4461 1187 4528 Pasc
1212 4461 1277 4528 atis
1323 4463 1524 4530 contrariam

274 4559 493 4626 exercuerunt
516 4552 797 4634 consuetudinem,
821 4551 1001 4616 damnavit.
1025 4548 1164 4617 Saeculo
1189 4549 1252 4616 [Π.
1277 4549 1312 4618 in
1335 4572 1435 4618 causa
1458 4550 1524 4617 Ba-

274 4641 390 4730 ptismi
413 4640 454 4707 ab
478 4641 652 4709 haereticis
676 4640 790 4709 collati
813 4637 1004 4726 Stephanus
1027 4637 1123 4706 Petri
1146 4660 1315 4706 successor
1350 4638 1524 4705 Romanus
1560 4714 1564 4727 Ι

274 4731 433 4801 Pontifex
456 4736 571 4799 eontra
594 4729 764 4819 Synodum
788 4726 985 4799 Africanam
1008 4749 1141 4794 oausam
1165 4725 1298 4794 decidit.
1312 4725 1439 4795 Eodem
1451 4748 1524 4794 sae·
