3426 5368
718 370 922 474 „iffi

203 591 319 680 conjux
333 591 517 680 periculum
541 592 582 658 ob
606 592 747 661 alterius
759 593 932 660 saevitiem
953 592 1232 680 timens,propria
1247 596 1449 662 auctoritate

202 679 348 746 recedere
372 702 391 746 a
414 701 524 759 saevo,
570 682 624 747 vel
670 679 762 747 illum
797 680 971 770 expellere,
1006 703 1099 748 secus
1136 701 1235 747 causa
1274 684 1366 769 prius
1388 705 1450 772 per

199 766 340 854 judicem
363 768 589 855 cognoscenda
613 775 673 835 est.
721 769 885 837 Tribunal
931 768 1176 835 matrimoniale
1210 769 1358 837 exhibito
1383 771 1448 839 sibi

200 855 312 921 libello
334 857 492 923 actionali
537 857 580 923 ad
603 858 846 944 separationem
870 881 911 924 ex
934 857 1043 945 eapite
1088 855 1241 924 saevitiei
1264 880 1339 926 mox
1362 862 1450 948 petit

199 943 465 1011 informationem
490 945 628 1012 testium
652 945 969 1034 comprobantium,
994 968 1059 1034 qua
1082 945 1256 1032 praestita,
1303 947 1333 1012 si
1357 947 1449 1014 suffi-

199 1033 286 1098 ciens
310 1032 365 1114 sit,
390 1032 547 1100 continuo
593 1034 795 1101 sententiam
840 1032 1126 1101 interlocutoriam
1150 1035 1358 1121 pronunciat,
1383 1057 1468 1123 qua.

196 1119 291 1206 jubet
314 1142 448 1188 uxorem
472 1121 506 1187 in
530 1122 602 1188 loco
626 1127 701 1188 tuto
725 1122 867 1189 durante
891 1122 951 1189 lite
979 1122 1106 1210 deponi,
1124 1128 1159 1188 et
1182 1122 1243 1187 sub
1266 1144 1372 1211 poena
1396 1146 1449 1190 ex·

199 1209 505 1276 communicationis
549 1210 646 1296 jubet
669 1210 743 1276 viro
789 1211 919 1298 atejus
956 1209 1164 1298 parentibus,
1188 1231 1228 1276 ne
1251 1210 1302 1276 illi
1326 1211 1449 1277 malum

198 1296 356 1378 inferant,
403 1304 437 1364 et
481 1299 673 1364 moderatur
697 1320 858 1387 expensas
904 1299 976 1366 litis
1000 1301 1086 1365 siout
1110 1304 1145 1365 et
1169 1297 1328 1364 alimenta
1351 1299 1449 1366 uxori

198 1385 399 1473 praestanda
423 1389 464 1472 (ξ.
489 1387 563 1454 236.
606 1386 781 1473 Instruot.)
827 1387 875 1453 Et
920 1387 1071 1472 quamvis
1118 1389 1287 1473 separatio
1321 1386 1446 1477 absque

198 1472 358 1540 adversae
380 1475 489 1562 partis
512 1474 673 1542 citatione
697 1475 768 1542 fieri
794 1482 938 1566 nequeat
960 1474 1051 1563 (Cap.
1077 1474 1107 1540 1.
1127 1474 1169 1541 de
1198 1496 1297 1540 causa
1320 1497 1446 1563 posses.

198 1583 256 1629 nec
281 1584 339 1629 nos
364 1568 480 1629 contra
502 1563 689 1630 inauditam
712 1571 842 1651 partem
867 1562 994 1651 aliquid
1018 1583 1192 1651 possumus
1216 1562 1387 1650 definires
1410 1568 1447 1630 at

196 1643 430 1751 separatio-ad
453 1656 585 1740 tempus
609 1673 674 1754 quo
698 1651 865 1719 discordia
905 1651 1005 1718 durat
1028 1657 1063 1718 et
1087 1651 1129 1717 lis
1153 1650 1317 1737 agitatur,
1342 1651 1447 1718 solam

196 1738 465 1806 informationem
489 1762 700 1807 summarium
725 1741 886 1828 postulat.
982 1830 984 1836 Ι

199 1917 234 2011 §-
263 1913 359 1997 238.
387 1917 450 2000 De
470 1918 889 2021 quibusdamoausis
912 1919 1135 2001 aotoratus
1156 1916 1449 2020 separationis

631 2068 657 2125 a
682 2047 778 2126 toro
806 2049 850 2126 et
875 2069 1035 2126 mensa.

292 2192 349 2260 Ad
372 2213 489 2258 causas
513 2189 683 2278 legitimas
706 2196 948 2280 separationem
963 2197 1069 2258 atoro
1082 2196 1117 2258 et
1130 2211 1241 2257 mensa
1253 2189 1389 2278 petendi
1401 2189 1450 2256 in·

196 2301 296 2366 super
319 2287 493 2369 spectant:
511 2279 544 2365 1)
557 2279 737 2348 Graviores
752 2287 786 2347 et
799 2280 978 2347 diuturnae
990 2281 1088 2345 animi
1112 2278 1323 2358 atfliotiones,
1338 2278 1450 2367 impri-

197 2369 259 2434 mis
272 2375 469 2456 procuratae
478 2390 538 2456 per
548 2367 751 2434 adulterium
764 2368 850 2433 falso
861 2371 960 2435 aviro
976 2368 1073 2434 uxori
1085 2369 1288 2455 imputatum
1302 2367 1449 2456 (Decisio

196 2456 306 2523 Rotae
330 2456 424 2523 Rom.
451 2457 490 2522 de
510 2457 540 2522 4.
566 2455 661 2522 Junii
688 2457 795 2542 1736.)
811 2458 844 2542 2)
868 2456 905 2523 Si
927 2457 1015 2524 alter
1038 2455 1215 2543 conjugum
1240 2455 1302 2522 fiat
1324 2476 1451 2540 amens,

196 2544 352 2625 furiosus,
377 2553 436 2611 aut
460 2543 638 2625 maleficus,
663 2551 724 2612 aut
747 2546 911 2625 obsessus,
935 2552 970 2611 et
993 2545 1083 2611 adsit
1101 2566 1161 2632 pro
1177 2543 1285 2609 altero
1309 2543 1451 2630 oon'uge

195 2632 379 2720 periculum
403 2633 545 2718 alicujus
569 2631 689 2698 damni.
709 2633 830 2718 (Homo
854 2634 974 2720 Apost.
1000 2639 1043 2700 tr.
1070 2632 1121 2698 19.
1144 2655 1176 2697 n.
1200 2631 1269 2717 91.)
1285 2631 1320 2716 3)
1379 2631 1451 2698 orbi

196 2721 380 2805 contagiosi
405 2726 439 2786 et
462 2720 611 2807 maligni,
635 2725 664 2788 si
683 2721 782 2808 juxta
813 2721 1013 2788 medicorum
1049 2720 1235 2809 opinionem
1259 2719 1451 2786 infectionis

195 2809 379 2896 periculum
403 2830 463 2896 pro
486 2832 567 2875 sano
606 2809 745 2898 conjuge
780 2811 1008 2890 subversetur,
1040 2808 1203 2898 imprimis
1241 2807 1344 2895 lepra,
1369 2808 1451 2874 item

195 2898 329 2963 morbus
352 2897 504 2982 gallicus,
530 2897 601 2962 lues
628 2919 775 2978 venerea,
801 2897 830 2964 si
853 2898 895 2964 ad
919 2920 990 2964 eam
1014 2895 1279 2984 magnitudinem
1292 2918 1448 2984 pervene-

194 2987 253 3069 rit,
278 2991 318 3050 ut
339 2989 449 3052 totum
474 3007 592 3072 corpus
615 2985 761 3072 putridis
784 2987 952 3054 ulceribus
975 3009 1013 3053 ac
1037 2989 1176 3052 maxime
1192 2990 1322 3072 guttur,
1339 2984 1452 3053 fauces

194 3073 400 3160 etpalatum
425 3073 650 3154 exedentibus,
676 3074 880 3175 obmultam
914 3075 986 3161 ejus
1021 3074 1184 3140 malitiam
1229 3073 1450 3175 scateatnbi

193 3160 1452 3338 tttttltltttitt?,ltlttltllttlla“tltttltlllt

193 3337 347 3405 lestetur.
395 3337 496 3404 Seous
519 3338 625 3404 morbi
670 3338 855 3424 contagiosi
890 3359 954 3404 non
977 3346 1209 3427 permanentes
1254 3337 1313 3403 sed
1343 3336 1451 3403 solum

191 3426 399 3513 temporarii,
424 3449 524 3492 eausa
547 3428 767 3514 separationis
812 3426 975 3514 petendae
998 3449 1071 3494 esse
1102 3448 1166 3492 non
1191 3430 1351 3513 possuot;
1377 3447 1449 3492 cum

191 3513 239 3584 ad
261 3513 452 3600 contagium
476 3514 579 3584 etiam
603 3514 778 3604 dispositio
802 3514 1003 3602 requiratur,
1023 3537 1107 3603 quae
1123 3514 1202 3582 sciri
1225 3536 1290 3580 non
1314 3519 1449 3602 potest;

192 3607 296 3704 atque
319 3602 482 3704 imprimis
506 3603 650 3670 officium
675 3602 852 3670 fidelitatis
866 3603 900 3669 in
921 3625 957 3668 eo
971 3603 1208 3682 constituatur,
1231 3607 1272 3668 ut
1294 3602 1451 3688 conjuges

191 3691 261 3758 sibi
305 3690 447 3758 invicem
471 3691 505 3758 in
529 3691 769 3759 afflictionibus
814 3690 982 3778 adjutorio
1028 3693 1107 3772 sint,
1144 3697 1245 3779 atque
1281 3711 1368 3756 unus
1391 3712 1451 3777 pro

192 3780 303 3846 altero
327 3779 429 3844 etiam
474 3779 657 3867 periculum
702 3779 814 3847 subire
859 3786 1024 3858 teneatur,
1057 3779 1188 3846 dicente
1221 3778 1255 3845 S.
1284 3777 1451 3865 Apostolo

193 3865 324 3934 Paulo:
349 3866 424 3933 Viri
449 3866 581 3953 diligite
613 3890 732 3934 uxores
778 3874 909 3936 vestras
943 3867 1031 3934 siout
1066 3867 1222 3936 Christus
1246 3865 1363 3932 dilexit
1386 3866 1449 3932 Eo·

192 3955 333 4022 olesiam
362 3960 397 4020 et
429 3977 463 4021 se
486 3955 596 4056 ipsum
642 3955 768 4021 obtulit
805 3977 864 4042 pro
889 3977 936 4022 ea.
965 3957 1000 4042 4)
1024 3955 1143 4022 Odium
1168 3954 1388 4042 implacabile,
1413 3955 1448 4040 5)

191 4042 364 4110 Malitiosa
388 4042 543 4124 desertio,
568 4043 602 4128 6)
625 4043 834 4131 Dilapidatio
865 4065 977 4111 rerum
1013 4042 1255 4130 temporalium,
1281 4044 1318 4132 7)
1342 4041 1452 4129 Impo-

193 4131 305 4197 tentia
328 4132 532 4220 subsequens
554 4131 654 4198 unius
678 4132 829 4219 conjugis
852 4131 895 4197 ad
930 4134 1089 4220 copulam,
1114 4131 1267 4219 quoniam
1290 4130 1450 4197 excitatio

193 4218 353 4286 continua
400 4219 528 4286 stimuli
575 4221 722 4286 sexualis
767 4221 839 4286 sine
884 4242 942 4306 spe
987 4221 1288 4286 excontentationis
1330 4240 1451 4303 magna

191 4305 337 4375 afflictio
382 4307 630 4388 consideranda,
674 4312 913 4396 consequenter
947 4307 1096 4374 tollenda
1124 4314 1185 4373 est.
1231 4307 1266 4393 8)
1301 4307 1339 4374 Si
1361 4309 1449 4373 alter

192 4394 371 4482 conjugum
391 4395 539 4462 debitum
552 4396 727 4484 conjugale
740 4395 892 4464 absolute
904 4401 1075 4482 praestare
1094 4400 1215 4462 renuat
1228 4417 1235 4478 ;
1259 4395 1296 4486 9)
1309 4394 1451 4482 denique

191 4485 223 4552 si
247 4485 322 4572 quis
345 4483 517 4570 conjugem
544 4492 622 4573 post
644 4486 763 4551 initum
788 4491 822 4551 et
845 4490 1106 4552 consummatum
1136 4483 1386 4554 matrimonium
1409 4482 1451 4548 ab

191 4571 262 4639 alio
286 4571 528 4659 impregnatam
552 4594 625 4638 esse
648 4574 849 4660 experiatur,
885 4575 912 4638 si
947 4573 1063 4638 statim
1093 4572 1221 4638 abusu
1248 4567 1454 4642 matrimonii

193 4666 273 4751 post
291 4666 422 4748 captam
434 4659 589 4726 notitiam
603 4660 781 4742 abstineat,
796 4669 830 4728 et
846 4661 937 4727 intra
948 4682 1050 4727 unum
1067 4681 1211 4728 mensem
1224 4655 1453 4752 separationis

193 4748 392 4838 petitionem
416 4747 579 4815 exhibeat.
604 4749 739 4834 (Confer
770 4749 1080 4818 KutsohkerTomo
1104 4747 1144 4816 V.
1170 4769 1248 4836 pag.
1276 4746 1365 4822 693.)
