3464 5366
897 319 940 384 94

816 415 1020 430 .·’““““-““”’-7-··”

176 533 182 554 ”
289 539 396 605 locum
419 540 532 617 luisse,
550 530 591 602 'et
614 537 767 604 effective
790 539 832 602 ad
856 539 1025 605 Ecclesiae
1051 539 1232 605 Primatum
1256 539 1433 606 devolutas
1456 579 1458 586 ,
1479 564 1531 607 err-¹

289 625 428 692 stitisse.
453 623 623 692 Romanus
646 624 732 690 enim
756 625 911 692 Pontilex
937 626 967 690 vi
992 625 1223 714 plenitudinis,
1259 639 1324 715 qua
1358 627 1423 715 ipsi
1459 649 1532 694 con·

289 734 381 780 cessa
403 714 470 780 fuit
493 720 642 802 potestas
663 713 799 798 regendi
823 714 1046 782 universalem
1069 711 1197 781 Christi
1221 713 1414 794 Ecclesiam,
1435 715 1536 783 habet

289 800 342 888 jus
365 799 508 869 faciendi
531 799 566 868 id
589 821 693 881 omne,
717 800 804 885 quod
825 806 884 867 cat·
900 801 1123 868 necessarium
1146 801 1188 868 ad
1225 809 1353 870 rectum
1387 803 1536 886 eiusdem

289 888 458 972 Ecclesiae
481 887 629 974 regimen
649 885 748 975 juxta
771 888 1038 956 circumstantias
1066 885 1227 992 temporis
1250 896 1285 956 et
1309 888 1383 972 loci,
1408 890 1443 958 in
1468 892 1537 977 qui-

288 979 351 1044 bus
373 978 447 1066 ipsa
464 981 628 1056 versatur,
653 981 687 1042 et
710 976 751 1042 ad
775 977 1018 1045 conservandas
1042 983 1266 1067 proprietates
1276 976 1353 1045 illas
1365 1000 1424 1046 seu
1441 979 1538 1046 dotes

288 1065 442 1146 unitatis,
465 1063 668 1144 sanctitatis,
693 1060 944 1145 catholioitatia
969 1071 1002 1132 et
1027 1064 1301 1154 apostolicitatis,
1318 1088 1402 1155 quae
1425 1065 1537 1134 Eccle-

289 1153 358 1221 siae
381 1153 507 1221 Christi
531 1152 709 1219 essentiam
732 1152 953 1220 constituunt.
986 1153 1082 1236 Quod
1127 1155 1154 1220 si
1202 1151 1460 1241 distinguuntur
1504 1161 1538 1222 et

290 1246 526 1308 enumerantur
548 1239 729 1328 peculiaria
752 1241 895 1307 Romani
917 1241 1092 1315 Pontificis
1113 1239 1199 1328 jura,
1233 1241 1268 1308 id
1305 1242 1379 1310 ideo
1412 1242 1464 1326 fit,
1498 1247 1538 1310 ut

290 1329 474 1418 explicetur
496 1327 669 1418 plenitudo
691 1332 871 1415 potestatis
893 1340 990 1417 prout
1013 1328 1075 1395 illa
1096 1331 1137 1396 ab
1160 1328 1233 1418 ipso
1267 1337 1440 1399 exercetur
1485 1354 1536 1398 se·

290 1421 438 1485 culorum
463 1417 620 1501 decursu;
645 1417 703 1483 sed
727 1438 792 1482 non
813 1415 886 1483 ideo
910 1417 959 1498 fit,
983 1426 1022 1485 ut
1046 1415 1311 1488 determinentur
1356 1441 1404 1501 aa,
1452 1441 1537 1508 quae

289 1505 446 1573 Pontifex
468 1511 577 1571 tacere
599 1513 744 1571 autnon
767 1505 876 1574 facere
900 1505 1012 1590 valet;
1037 1527 1103 1572 uuo
1127 1505 1213 1572 enim
1238 1513 1386 1595 tempora
1423 1514 1538 1596 potest

290 1615 362 1660 esse
385 1592 563 1661 essentiale
584 1591 691 1680 ipsius
710 1591 766 1679 jus
789 1593 881 1681 (quia
903 1592 1074 1660 Ecclesiae
1118 1593 1178 1660 fini
1222 1595 1458 1682 necessarium)
1503 1595 1539 1662 id

291 1680 378 1766 quod
400 1681 633 1768 aliotempore
656 1684 709 1746 est
731 1680 961 1748 tantummodo
983 1679 1197 1762 accidentale,
1222 1681 1374 1770 quodque
1389 1683 1534 1750 exerceri

175 1817 176 1826 .
290 1776 402 1859 potest
424 1767 526 1837 etiam
549 1769 589 1835 ab
612 1767 798 1856 Episcopis.
821 1767 908 1836 Vide
931 1767 1069 1837 Schulte
1091 1767 1227 1858 System
1251 1769 1309 1840 des
1339 1770 1434 1859 Allg.
1458 1769 1539 1839 Kir-

291 1857 485 1925 chenreohts
509 1859 536 1942 ᾖ.
560 1855 612 1923 21.
638 1855 690 1922 22.
713 1877 790 1945 pag.
816 1855 979 1923 78-198.

191 2017 193 2022 ’
259 2116 263 2132 ,
291 2037 325 2132 ἓ.
356 2033 431 2119 73.’
451 2035 707 2139 Supremam
734 2033 1094 2117 JurisdIctionem
1120 2017 1539 2118 RomaniPontificis

350 2268 355 2276 ι
396 2161 673 2265 agnoverunt
701 2161 832 2243 etiam
858 2161 1149 2277 Imperatores
1176 2160 1428 2244 Christiani.

384 2328 600 2399 Justinianus
623 2330 810 2419 Imperator
833 2329 876 2396 ad
897 2327 1123 2418 Epiphanium
1145 2329 1347 2420 Episcopum
1379 2331 1541 2399 Constan-

291 2418 578 2508 tinopolitanumss)
603 2418 741 2486 scribit:
766 2418 858 2506 „Neo
877 2418 965 2485 enim
987 2419 1144 2506 patimur,
1168 2425 1208 2485 ut
1222 2419 1535 2507 quidquameorum,

289 2529 374 2595 quae
396 2508 439 2574 ad
462 2506 631 2574 Ecclesiae
650 2512 777 2573 statum
800 2513 963 2595 spectant,
988 2527 1053 2572 non
1066 2505 1109 2572 ad
1121 2505 1268 2593 ejusdem
1287 2506 1540 2575 Beatitudinem

289 2595 463 2676 referatur,
489 2617 632 2675 cumea,
657 2595 842 2682 (Romanus
864 2593 1037 2680 Pontifex)
1060 2594 1170 2683 Caput
1192 2594 1239 2662 sit
1271 2595 1420 2664 omnium
1465 2618 1538 2662 san·

290 2683 512 2751 ctissimorum
534 2681 620 2750 DEI
638 2683 864 2750 Sacerdotum.
889 2681 936 2748 Et
959 2681 1054 2754 addit
1078 2683 1132 2768 „in
1157 2682 1309 2750 omnibus
1328 2683 1537 2751 servavimus

165 2787 166 2796 ¹
289 2776 416 2838 statum
438 2771 581 2838 unitatis
604 2770 888 2838 sanctissimarum
934 2765 1159 2838 Ecclesiarum
1205 2793 1279 2838 oum
1324 2769 1538 2840 sanctissimo

290 2859 389 2949 Papa.
405 2858 528 2926 veteris
550 2857 685 2940 Romae,
708 2857 751 2924 ad
774 2849 870 2948 quem
894 2857 1019 2926 similia
1042 2857 1159 2926 horum
1181 2858 1467 2948 perscripsimus.“

384 2967 590 3036 Theodosius
612 2967 798 3057 Imperator
821 2969 969 3038 Nectarii
1005 2967 1248 3038 ordinationem
1282 2991 1342 3058 par
1370 2991 1535 3040 summum

288 3056 696 3144 Pontificemcoofirmari
717 3057 943 3144 postulavit‚2)
967 3057 1008 3124 de
1031 3079 1095 3143 quo
1118 3057 1308 3125 Bouilaoius
1343 3059 1471 3147 primus
1495 3057 1538 3125 ad

287 3145 470 3234 Episcopos
494 3144 673 3212 orientales
696 3147 744 3212 sic
766 3145 901 3232 scripsit
911 3170 922 3223 :¹
943 3145 1248 3225 „Clementissimae
1292 3146 1542 3216 recordationis

288 3233 446 3322 Princeps
469 3232 684 3313 Theodosius,
708 3233 859 3301 Nectarii
883 3232 1124 3301 ordinat-ionem
1155 3239 1341 3323 propterea,
1388 3235 1468 3323 quia
1504 3236 1539 3300 in

290 3327 404 3388 nostra
427 3321 562 3388 notione
586 3342 650 3387 non
673 3328 770 3402 esset,
797 3322 916 3389 habere
940 3343 1004 3388 non
1028 3321 1221 3388 existimans
1241 3321 1446 3403 firmitatem,
1460 3324 1538 3388 mis-

256 3409 336 3476 ·sis
359 3432 379 3476 a
400 3409 507 3476 latere
529 3432 589 3475 suo
612 3409 728 3476 aulicis
752 3433 825 3476 cum
850 3409 1030 3499 Episcopis,
1078 3409 1254 3479 formatam
1299 3410 1378 3478 huic
1422 3409 1541 3478 asede

289 3496 564 3582 Romana'dirigi
587 3496 788 3586 depoposcit,
813 3520 897 3586 quae
920 3497 1421 3586 ejusSacerdotiumroboraret,
1435 3505 1541 3584 atquc

290 3585 478 3673 subjungit:
505 3585 617 3666 „Haeo
639 3587 808 3659 sententia
830 3583 1044 3654 Canonum'a
1069 3591 1239 3653 vetustate
1249 3585 1393 3668 duravit,
1406 3593 1441 3654 et
1451 3608 1542 3656 nuno

289 3697 393 3760 usque
415 3673 550 3742 Christo
574 3679 688 3741 nostro
712 3674 848 3740 favente
871 3674 1041 3762 perdurat.
1065 3712 1109 3722 -
1132 3672 1237 3742 Nemo
1260 3697 1407 3764 unquam
1446 3674 1537 3764 Apo·

291 3763 410 3830 stolico
433 3761 578 3840 culmini,
603 3760 643 3828 de
666 3761 761 3848 cujus
780 3761 905 3850 judicio
930 3785 994 3830 non
1017 3760 1098 3828 licet
1120 3761 1309 3843 retractari,
1345 3785 1463 3831 manus
1486 3764 1543 3832 ob·

291 3851 364 3918 vias
386 3849 546 3919 audacter
568 3849 721 3916 intulit.“

386 3959 645 4029 Valentinianus
667 3959 729 4027 III.
753 3959 941 4049 Imperator
964 3966 1086 4043 autem,
1111 3961 1362 4042 constitutions,
1387 3983 1472 4051 quae
1486 3960 1543 4028 ad·

288 4050 406 4139 juncta
429 4056 481 4118 est
503 4047 615 4122 Codioi
638 4048 889 4116 Theodosiana:
914 4049 1017 4130 „Cum
1041 4050 1148 4136 igitur
1170 4051 1290 4136 inquit,
1316 4049 1404 4116 sedis
1452 4049 1542 4140 Apo-

291 4139 430 4207 stolicae
452 4139 637 4206 Primatum
660 4137 768 4204 sancti
792 4136 886 4204 Petri
909 4138 1073 4220 meritum,
1105 4138 1163 4224 qui
1208 4138 1370 4228 Princeps
1415 4144 1467 4205 est
1490 4159 1540 4206 sa·

292 4226 469 4295 cerdotalis
492 4246 640 4306 coronae,
664 4233 699 4292 et
721 4225 891 4293 Romanae
914 4224 1064 4312 dignitas
1087 4224 1249 4306 civitatis,
1273 4225 1307 4293 S.
1353 4225 1455 4293 etiam
1479 4223 1543 4310 Sy·

292 4314 370 4383 nodi
392 4313 578 4382 firmaverit
614 4314 809 4395 auctoritas,
834 4314 971 4402 perenni
996 4315 1168 4383 sanctione
1181 4313 1398 4396 decernimus,
1410 4336 1451 4384 oe
1464 4312 1546 4402 quid

367 4538 386 4606 ¹)
406 4538 469 4594 God.
489 4537 557 4593 Just.
578 4537 650 4592 Libr.
674 4536 698 4593 1.
718 4535 791 4592 r.1.
815 4535 877 4606 Leg.
900 4535 925 4590 7.

366 4611 385 4683 ²)
404 4611 530 4683 Epistola
548 4608 681 4667 Boniracii
696 4609 716 4664 1.
737 4609 773 4664 ad
791 4608 811 4663 E
831 4608 942 4678 iscopos
959 4607 1147 4676 Macedoniae,
1167 4609 1291 4666 Achaiae
1309 4613 1338 4666 et
1375 4607 1542 4666 Thessaliae

293 4685 365 4756 apud
383 4681 504 4742 Harduin
524 4681 601 4740 Torn.
624 4683 655 4738 11.
679 4680 781 4740 Concil.
842 4681 869 4736 ll.
894 4679 936 4738 11.
956 4681 999 4738 26.
