3426 5368
715 241 918 348 „33⁷—

392 573 426 668 ὅ.
456 570 554 654 205.
581 573 645 653 De
671 569 931 675 probatione
957 594 1038 674 per
1066 572 1227 654 Testes.
1279 606 1283 621 ·

276 739 316 805 In
342 740 451 808 causis
474 739 778 809 matrimonialibus
813 738 1042 806 vincularibus
1080 738 1123 805 sd
1159 739 1364 828 probandum
1387 762 1436 809 re·

179 826 366 916 quitantur
402 828 592 896 testimonia
638 827 775 895 testium
813 827 1066 915 fidedignorum,
1103 833 1333 914 suspectorum
1368 851 1435 897 non

178 915 409 985 admittuntur
431 917 474 985 ad
496 916 713 1006 probandum,
736 920 817 984 sunt
839 921 951 982 autem
974 920 1081 982 testes
1104 914 1276 1003 fidedigni,
1302 916 1359 1004 qui
1399 927 1435 985 et

177 1004 313 1092 possint
336 1005 445 1072 dicere
467 1004 648 1074 veritatem
670 1012 704 1070 et
737 1007 838 1072 etiam
878 1003 995 1070 velint.
1029 1002 1202 1070 inhabiles
1237 1002 1280 1069 ad
1314 1004 1435 1072 testifi-

178 1091 322 1159 candum
346 1100 426 1160 sunt
448 1097 482 1180 a)
506 1093 547 1160 ob
571 1092 736 1160 defectum
763 1114 842 1158 usus
865 1091 1029 1178 rationis3
1053 1094 1085 1177 b)
1106 1092 1147 1158 ob
1171 1091 1337 1160 defectum
1361 1115 1433 1161 sen·

177 1201 236 1246 sus
260 1181 414 1267 externi3
439 1184 470 1268 c)
496 1188 536 1247 ob
561 1180 783 1248 reverentiam
808 1179 1006 1246 servandam
1030 1179 1121 1246 inter
1133 1184 1262 1247 testem
1275 1187 1308 1247 et
1321 1179 1430 1266 illum,

177 1274 296 1335 contra
320 1291 416 1358 quern
440 1269 602 1358 deponit;
626 1273 661 1354 A)
684 1269 726 1334 cb
750 1267 890 1356 culpam,
914 1268 1053 1356 propter
1074 1268 1260 1357 quamquis
1276 1266 1433 1357 privatur

176 1356 343 1424 facultate
368 1356 592 1443 testificandi3
617 1360 647 1443 e)
669 1358 710 1423 ob
734 1356 952 1444 suspicionem
990 1355 1043 1423 vel
1079 1355 1233 1423 timorem
1266 1356 1432 1427 falsitatis

175 1445 213 1512 in
236 1450 337 1512 teste.
361 1446 466 1512 Porro
489 1444 687 1512 inhabilitas
711 1445 778 1510 alia
801 1448 854 1512 est
874 1442 1004 1524 totalis,
1028 1465 1211 1532 perquam
1234 1446 1333 1512 testis
1356 1445 1432 1535 reji-

176 1533 268 1600 citur
290 1532 326 1599 in
350 1541 469 1614 totum,
493 1533 561 1599 alia
585 1539 637 1600 est
661 1532 835 1614 diminuta,
883 1553 919 1600 er
953 1554 1051 1619 quam
1087 1536 1193 1598 solum
1233 1531 1432 1601 diminuitur

175 1621 261 1688 fides
285 1623 394 1689 testis.
419 1622 573 1708 Suspecti
597 1627 708 1686 autem
732 1627 768 1686 et
791 1554 923 1709 quiin
947 1619 1102 1686 absolute
1126 1621 1158 1705 1)
1181 1620 1378 1708 impuberes,
1395 1623 1430 1688 in

175 1716 339 1798 quantum
363 1717 442 1775 ante
464 1709 626 1776 decimum
650 1720 808 1796 quartum
830 1709 954 1775 aetatis
978 1730 1100 1773 annum
1133 1729 1227 1774 nemo
1262 1709 1305 1776 ad
1339 1710 1430 1796 jura·

176 1804 326 1865 mentum
350 1797 484 1864 admitti
508 1803 638 1885 potest;
663 1797 696 1884 2)
719 1796 867 1863 Infames
890 1801 925 1862 et
947 1796 1244 1877 Excommunicati,
1259 1797 1323 1863 nisi
1346 1797 1429 1865 tole·

174 1886 244 1952 rati
267 1886 349 1967 sint,
374 1892 474 1976 prout
498 1886 640 1952 aliarum
664 1885 908 1954 confessionum
932 1884 1192 1951 christianarum
1215 1885 1370 1953 asseclae.
1395 1887 1430 1974 3)

175 1974 365 2056 criminosi,
390 1975 550 2062 imprimis
573 1973 720 2041 criminis
742 1972 881 2061 perjurii
903 1975 974 2058 rei,
1011 1974 1046 2060 4)
1077 1972 1218 2060 pecunia
1257 1975 1428 2064 corrupti;
1501 1997 1504 2003 ’

174 2065 211 2150 ὅ)
235 2065 291 2152 qui
316 2063 423 2129 vitam
446 2063 643 2130 sceleratam
668 2061 811 2150 ducunt;
836 2062 870 2147 6)
892 2060 992 2150 plane
1029 2061 1147 2147 ignoti.
1182 2059 1341 2129 Relative
1375 2085 1429 2130 su·

174 2153 281 2241 specti
305 2155 410 2219 testes
433 2156 514 2218 sunt
537 2150 571 2238 1)
593 2150 628 2216 in
652 2171 751 2216 causa
775 2171 970 2238 quocunque
994 2147 1089 2215 modo
1112 2148 1315 2232 interesseti,
1328 2160 1428 2240 prout

174 2239 346 2306 Advocati
369 2244 404 2305 et
426 2239 667 2307 Procuratores
691 2237 830 2323 pecnnia
854 2237 1011 2304 conducti
1051 2235 1159 2325 quoad
1194 2259 1328 2304 causam
1367 2263 1428 2328 pro

174 2349 242 2416 qua
265 2326 424 2394 conducti
447 2333 543 2413 sunt;
568 2328 603 2413 2)
627 2326 684 2415 qui
707 2325 870 2414 peculiari
893 2325 1143 2414 praeplacentia
1166 2347 1246 2413 erga
1280 2326 1425 2416 aliquam

172 2422 304 2504 partem
328 2415 484 2482 feruntur
505 2438 546 2483 ex
571 2414 794 2503 qualicunque
817 2414 953 2495 motivo,
978 2414 1067 2480 sicut
1091 2417 1226 2499 cognati
1235 2418 1271 2481 et
1294 2415 1424 2495 aflines,

174 2507 315 2591 excepto
339 2503 366 2570 si
392 2507 556 2589 cognatus
579 2508 696 2570 contra
719 2501 955 2590 producentem
979 2507 1157 2586 cognatum
1195 2501 1426 2574 testimonium

172 2591 274 2673 ferat,
297 2598 359 2659 aut
381 2592 411 2658 si
434 2591 534 2658 testis
557 2593 691 2676 utrique
737 2593 804 2656 arti
828 2595 865 2655 ac
890 2589 1015 2657 naliter
1037 2595 1200 2675 cognatus
1223 2590 1279 2675 sit,
1293 2591 1347 2658 vel
1372 2591 1426 2659 de·

172 2679 274 2768 nique
297 2679 328 2748 si
350 2679 409 2746 alii
431 2678 541 2747 idonei
564 2686 669 2747 testes
693 2612 736 2744 ai
758 2612 937 2745 ementium
983 2681 1158 2744 veritatem
1199 2677 1313 2745 haberi
1358 2702 1425 2747 non

172 2774 327 2856 possunt,
352 2791 382 2833 v.
405 2790 439 2854 g.
462 2767 571 2854 quoad
594 2766 865 2857 impedimentum
889 2765 1115 2854 cognationis,
1162 2765 1196 2852 3)
1241 2767 1299 2855 qui
1344 2789 1425 2855 erga

172 2863 304 2946 partem
328 2861 519 2940 causantem
539 2854 576 2921 in
600 2853 820 2922 correlatione
850 2854 1088 2922 adhaerentiae
1123 2855 1353 2936 constituitur,
1391 2878 1423 2923 v.

171 2967 205 3031 g.
229 2944 321 3012 servi
342 2965 403 3031 pro
426 2944 505 3011 hero
528 2943 676 3032 suspecti
698 2948 805 3009 testes
828 2950 917 3010 sunt.
949 2943 984 3029 4)
1031 2943 1149 3023 Amici,
1195 2949 1255 3010 aut
1299 2943 1423 3011 inimici

171 3033 321 3135 partium
345 3031 565 3113 causantium,
588 3030 665 3112 nisi,
689 3033 717 3098 si
740 3030 839 3098 testis
862 3031 903 3098 ab
927 3032 1062 3098 inimico
1086 3037 1269 3114 statuatur,
1293 3037 1424 3122 autpro

171 3120 307 3188 mimico
328 3121 554 3188 testimonium
578 3117 676 3187 terat.

171 3302 208 3396 ἓ.
235 3298 332 3382 206.
360 3297 614 3382 Peculiares
641 3298 696 3379 de
713 3253 900 3380 testium
920 3297 1225 3384 credibilitate
1251 3299 1300 3381 in
1327 3255 1433 3382 Gau..

172 3449 234 3532 sis
261 3446 656 3532 matrimonialibus
695 3445 999 3528 vincularibus
1040 3446 1419 3550 praescriptiones

603 3634 991 3719 Instruct.§.152.

266 3769 304 3839 si
328 3769 449 3859 conjux
472 3770 720 3838 matrimonium
743 3790 903 3836 accusans
926 3774 1044 3836 contra
1067 3775 1198 3852 testem,
1227 3771 1284 3860 qui
1308 3791 1421 3858 suspe-

179 3862 255 3942 ctus,
279 3858 346 3924 imo
369 3866 404 3924 et
426 3858 613 3947 respective
636 3857 796 3925 inhabilis
815 3856 1000 3924 censendus
1023 3861 1172 3938 estense
1198 3857 1421 3926 tionemhaud

179 3944 284 4028 faeiat,
307 3946 319 4012 i
345 3967 380 4012 se
403 3945 446 4012 ad
472 3945 702 4014 testimouium
738 3967 797 4033 pro
830 3945 1041 4014 matrimonio
1072 3882 1244 4013 ferentium
1282 3945 1420 4013 admitti

177 4044 293 4122 polest.
350 4055 440 4100 erum
465 4032 553 4122 quod
576 4033 735 4122 conjuges
758 4041 875 4100 contra
897 4037 1018 4100 testem
1043 4033 1185 4121 aliquem
1211 4033 1300 4100 haud
1336 4036 1420 4100 exci-

177 4119 275 4209 piart,
299 4129 464 4188 rationem
487 4143 655 4211 nunquam
678 4121 883 4210 suppeditat,
921 4119 1159 4209 depositionem
1196 4121 1268 4209 ejus
1305 4129 1421 4190 contra

177 4209 418 4278 matrimonium
441 4209 603 4277 directam
625 4232 685 4298 pro
709 4209 877 4296 fidedigna
901 4208 1093 4294 accipiendi.
1286 4217 1290 4225 '

727 4392 758 4472 c.
784 4387 856 4454 rsa.

272 4518 471 4602 balationes,
496 4542 580 4611 quae
601 4520 903 4610 praesumptionem
926 4519 1081 4602 fundant,
1109 4523 1232 4588 testem
1255 4539 1318 4607 pro
1356 4536 1422 4582 uno

177 4611 240 4672 sut
262 4613 371 4674 onera
395 4631 495 4675 unum
520 4608 697 4695 conjugum
721 4611 863 4696 partium
889 4609 1002 4674 studio
1026 4610 1091 4692 agi,
1117 4627 1174 4672 eas
1209 4612 1344 4676 tantum
1368 4602 1422 4669 de·
