3420 5358
807 346 1010 450 Aa„

296 566 417 640 malum
441 588 597 652 magnum
621 572 656 631 et
678 566 875 635 inevitabile
897 569 1024 655 injuste
1047 569 1111 658 ipsi
1134 567 1346 650 velillatum,
1362 565 1419 636 vel
1433 566 1544 635 inten-

296 659 404 723 tatum
426 653 646 742 compellitur,
671 655 713 722 ad
743 655 946 725 matrimonii
990 657 1160 725 vinculum
1205 656 1405 726 nectendum
1451 653 1543 724 haud

295 743 431 812 suflicit.

392 829 574 914 Quaeritur
597 834 717 912 autem,
742 853 785 897 an
808 830 1055 901 matrimonium
1080 854 1120 900 ex
1141 831 1239 919 gravi
1274 835 1365 899 metu
1409 830 1542 912 initum,

296 921 517 1005 subsequente
540 917 658 1005 copula
681 918 736 985 vel
759 919 1008 987 cohabitatione
1030 920 1241 988 ratificetur?
1276 920 1466 992 Communis
1490 926 1545 987 est

296 1008 542 1076 canonistarum
563 1005 745 1074 sententia:
769 1007 799 1074 si
822 1015 900 1096 post
922 1009 1177 1090 matrimonium,
1190 1008 1329 1097 quodex
1345 1015 1437 1076 metu
1444 1010 1545 1094 gravi

294 1097 421 1184 injuste
443 1095 576 1162 incusso
600 1101 808 1163 contractum
831 1095 996 1163 habeatur
1019 1096 1137 1184 copula
1171 1105 1290 1186 sponte
1309 1159 1311 1164 .
1336 1104 1371 1164 et
1416 1097 1544 1164 affectu

295 1182 452 1266 maritali,
477 1182 530 1249 vel
556 1183 732 1269 conjugali,
758 1206 817 1250 seu
861 1187 969 1250 animo
1015 1184 1150 1251 vivendi
1197 1185 1420 1272 conjugaliter
1466 1183 1540 1264 fiat,

295 1273 427 1340 omnino
450 1269 594 1338 validari
617 1271 874 1352 matrimonium,
898 1272 976 1361 quia
1000 1271 1117 1361 copula
1139 1295 1332 1340 consensum
1368 1272 1404 1338 in
1426 1272 1544 1339 matri·

295 1361 440 1430 monium
463 1360 629 1447 supponit.
654 1358 802 1441 Quodsi
826 1382 903 1428 vero
927 1383 992 1428 non
1017 1367 1135 1448 sponte
1156 1369 1190 1428 et
1212 1360 1327 1441 libere,
1362 1359 1420 1428 sed
1444 1361 1545 1446 gravi

295 1456 385 1516 metu
409 1449 631 1531 subsequatur
654 1447 781 1535 copula,
805 1471 871 1514 non
894 1448 1055 1521 ratificari
1086 1449 1341 1528 matrimonium,
1388 1447 1467 1536 quia
1512 1447 1542 1514 ei

293 1537 461 1626 positivus
484 1556 663 1603 consensus
687 1542 778 1601 metu
800 1537 898 1623 gravi
921 1542 1072 1604 extortus
1096 1559 1160 1602 non
1184 1535 1312 1604 sufficit
1333 1535 1376 1604 ad
1393 1535 1543 1602 valorem

295 1622 509 1706 matrimonii,
534 1622 639 1692 multo
664 1622 770 1690 minus
794 1623 922 1692 valebit
945 1626 1067 1692 tacitus
1091 1647 1269 1692 consensus
1292 1624 1350 1713 qui
1371 1645 1432 1712 per
1443 1645 1543 1713 copu-

295 1713 361 1780 lam
383 1713 535 1791 habetur,
560 1710 589 1776 si
612 1713 685 1798 pari
707 1718 945 1800 extorqueatur
967 1717 1084 1778 metu.⁴

389 1798 638 1868 Matrimonium
662 1805 773 1865 autem
796 1801 926 1868 ratione
949 1808 1057 1867 metus
1079 1798 1264 1868 invalidum
1289 1799 1460 1867 relidatur
1479 1821 1543 1887 per

294 1893 509 1978 spontaneam
532 1885 810 1954 cohabitationem
832 1889 933 1955 etiam
957 1889 1029 1954 sine
1051 1887 1178 1975 copula,
1217 1890 1296 1977 quia
1334 1887 1543 1954 cohabitatio

294 1983 476 2066 spontanea
500 1981 552 2044 est
575 1974 706 2060 signum
731 1975 900 2042 sufficiens
923 1979 1001 2044 novi
1032 1999 1219 2057 consensus,
1263 1976 1319 2064 qui
1365 1973 1473 2041 solum
1498 1973 1544 2042 ad

296 2065 496 2132 matrimonii
520 2061 667 2132 valorem
691 2062 908 2132 desideratur.
939 2065 988 2132 Ut
1032 2070 1145 2132 autem
1189 2063 1437 2132 matrimonium
1481 2085 1545 2153 per

294 2153 574 2222 cohabitationem
598 2157 658 2217 aut
681 2152 833 2239 copulam
855 2153 1052 2234 ratificetur,
1075 2153 1268 2241 requiritur,
1292 2158 1333 2221 ut
1395 2173 1449 2218 are
1474 2174 1543 2219 me·

293 2249 366 2309 tum
388 2265 486 2330 passa
507 2239 593 2309 sciat
616 2239 862 2307 matrimonium
886 2240 990 2308 inisse
1015 2241 1153 2322 nullum,
1177 2247 1212 2308 et
1255 2175 1462 2324 invalidum
1511 2240 1544 2307 si

295 2330 381 2397 enim
405 2353 446 2398 ex
468 2349 588 2407 errore,
612 2349 676 2411 quo
700 2328 913 2406 existimabat
937 2329 1086 2396 validum
1131 2329 1236 2395 fuisse
1282 2328 1544 2414 matrimonium,

294 2418 464 2486 cohabitet
485 2426 546 2486 aut
569 2414 717 2504 copulam
740 2415 909 2498 admittat,
934 2439 1100 2505 nunquam
1123 2416 1345 2485 ratificabitar
1366 2414 1461 2505 prius
1474 2439 1544 2483 ma-

294 2507 496 2591 trimonium.
519 2503 697 2575 Rationem
722 2503 853 2571 addunt
875 2507 1076 2587 canonistas,
1101 2507 1177 2594 quia
1200 2504 1286 2572 nihil
1308 2509 1377 2571 tam
1408 2509 1544 2571 contra·

292 2595 378 2662 rium
403 2601 456 2662 est
478 2591 652 2662 consensui
672 2615 769 2680 quam
793 2615 894 2674 error,
919 2593 1014 2682 atqui
1036 2616 1110 2660 cum
1132 2615 1211 2682 pars
1234 2599 1469 2681 metumpassa
1484 2593 1544 2678 yel

293 2681 475 2765 cohabitat,
499 2683 554 2749 vel
577 2679 676 2746 alteri
700 2680 885 2769 copulatur,
909 2682 967 2771 qui
990 2682 1219 2749 existimatae
1248 2680 1400 2769 legitimo
1425 2681 1544 2748 matri·

293 2772 402 2838 monio
425 2769 614 2859 copulatum
637 2790 718 2849 esse,
740 2791 857 2836 revera
881 2778 1038 2858 operatur
1060 2792 1101 2837 ex
1125 2791 1245 2848 errore,
1287 2767 1345 2858 qui
1383 2767 1427 2835 ad
1451 2791 1545 2836 erro·

292 2880 361 2924 rem
383 2880 544 2946 personae
566 2855 745 2936 reducitur,
770 2863 964 2945 cumputat
986 2881 1021 2926 se
1044 2857 1232 2926 consentire
1255 2857 1291 2925 in
1336 2878 1407 2924 eam
1454 2878 1545 2946 quae

293 2946 432 3028 suasit,
457 2952 490 3014 et
514 2967 597 3034 quae
621 2950 733 3011 tamen
756 2967 816 3010 sua
839 2967 903 3011 non
927 2949 1018 3033 estl)

543 3123 582 3220 §ss
607 3123 672 3207 99.
714 3123 1076 3227 impedimentum
1103 3125 1283 3228 Raptus.

388 3267 440 3336 Ex
464 3267 597 3338 deiectu
618 3269 716 3337 liberi
739 3291 918 3337 consensus
942 3268 1186 3337 matrimonium
1211 3272 1300 3337 inter
1321 3273 1494 3357 raptorem
1509 3277 1546 3339 et

292 3362 423 3445 raptam
447 3356 638 3444 dirimitur3
663 3364 714 3426 est
737 3363 849 3425 autem
872 3365 991 3446 raptus
1014 3358 1162 3424 violenta
1185 3358 1342 3425 abductio
1376 3380 1544 3446 personae

292 3444 420 3512 invitae
443 3447 659 3515 contrahendi
683 3446 885 3513 matrimonii
909 3469 1018 3528 cansa,
1042 3444 1200 3536 quamdiu
1245 3452 1343 3534 rapta
1386 3451 1543 3535 persona,

292 3533 357 3598 etsi
380 3533 484 3601 libere
507 3534 645 3622 posthac
669 3535 878 3602 consentiens
903 3540 955 3601 est
977 3535 1009 3600 in
1042 3538 1212 3622 potestate
1234 3535 1390 3623 raptoris.
1436 3533 1546 3603 Valet

292 3626 403 3687 autem
428 3622 675 3689 matrimonium
698 3645 771 3689 cum
795 3631 939 3711 raptore,
964 3622 992 3687 si
1016 3629 1113 3711 rapta
1136 3626 1310 3711 postquam
1356 3622 1428 3690 loco
1463 3628 1545 3692 tuto

292 3712 538 3791 restituta'est
564 3716 659 3776 extra
682 3717 884 3798 potestatem
908 3711 1055 3797 raptoris
1079 3711 1183 3777 libere
1206 3713 1241 3777 in
1285 3711 1421 3800 nuptias
1468 3734 1545 3780 con·

292 3797 429 3864 sentiat.
454 3797 487 3864 S.
512 3798 658 3864 Basilius
683 3799 815 3866 Oenone
837 3799 952 3865 XXII.
978 3799 1109 3887 inquit:
1134 3799 1230 3880 Eum,
1266 3801 1321 3884 qui
1367 3798 1545 3867 mulierem

292 3908 333 3951 ex
355 3893 453 3976 raptu
479 3886 590 3967 habet,
614 3909 677 3956 non
705 3895 837 3974 oportet
860 3887 902 3952 ad
926 3888 1165 3974 poenitentiam
1212 3886 1392 3954 admittere
1437 3891 1544 3975 prius,

292 3996 388 4061 quam
413 3975 454 4040 ab
478 3996 516 4040 ea
539 3980 722 4062 separetur.
746 3973 843 4057 Quod
867 3973 895 4040 si
920 3975 1020 4041 alteri
1043 3977 1136 4062 prius
1183 3974 1383 4062 desponsata
1427 3975 1544 4058 fuerit,

292 4061 363 4146 ejus
386 4062 421 4130 in
444 4067 646 4150 potestatem
670 4063 765 4128 reddi
789 4063 897 4144 debet,
922 4063 951 4128 si
976 4062 1070 4128 modo
1095 4085 1166 4128 eam
1191 4068 1336 4152 recipere
1360 4062 1463 4138 velit;
1490 4067 1547 4130 sin

292 4155 403 4216 autem
427 4149 535 4217 adhuc
559 4151 643 4217 nulli
667 4152 867 4238 desponsata
892 4150 1004 4232 fuerit,
1029 4151 1070 4216 ad
1093 4157 1250 4239 parentes
1273 4151 1397 4232 redeat,
1420 4151 1473 4218 vel
1499 4152 1546 4220 ad

291 4238 386 4318 alios,
411 4241 467 4326 qui
491 4238 595 4306 eidem
622 4241 784 4326 sanguine
805 4239 914 4326 juncti
939 4244 1029 4320 sunt,
1054 4246 1089 4305 et
1111 4239 1275 4328 siquidem
1297 4239 1350 4305 illi
1393 4241 1546 4327 raptoris

291 4326 494 4392 affinitatem
517 4333 685 4414 expetant,
710 4331 937 4394 constituatur
973 4328 1221 4393 matrimonium
1266 4327 1296 4394 si
1341 4325 1436 4393 modo
1483 4327 1547 4396 illa

292 4415 538 4502 consenserit.²)
563 4415 814 4482 Observandum
838 4423 908 4480 est:
932 4415 1208 4504 impedimentum
1232 4420 1350 4504 raptus
1383 4436 1421 4481 eo
1445 4415 1548 4485 modo

369 4634 387 4705 ¹)
407 4635 517 4690 Antoin.
538 4650 598 4706 pag.
620 4633 681 4689 308.
936 4706 942 4716 υ

369 4707 390 4777 ²)
410 4705 517 4762 Confer.
539 4705 603 4763 Can.
623 4707 668 4762 IX.
691 4704 770 4762 Ceno.
790 4707 951 4780 Ancyrancr.
