3420 5358
612 269 816 376 jaa-

97 490 143 558 Et
163 493 241 576 qnia
264 489 400 580 nuptiae
422 489 496 558 sine
518 489 649 559 duabus
671 492 823 582 personia
845 514 910 559 non
934 491 1050 560 valent
1073 493 1155 573 fieri,
1168 491 1242 560 ideo
1256 493 1343 562 sacri

98 599 238 646 canones
261 577 343 645 duas
366 579 401 646 in
424 600 491 646 uno
513 578 623 664 gradu
646 581 851 648 constituere
883 579 1082 669 personas.¹)

193 665 364 734 Prioribus
387 689 444 734 sex
469 667 591 735 seculis
615 668 716 736 etiam
739 669 774 736 in
798 668 949 736 Ecclesia
972 667 1080 734 latina
1102 668 1190 736 idem
1213 689 1343 757 compu-

98 755 235 822 tationis
264 753 430 842 graduum
474 757 797 844 consanguineitatis
831 756 948 823 modus
979 757 1177 822 observatus
1200 762 1261 838 est,
1285 757 1343 845 qui

97 840 196 910 hodie
216 864 345 932 quoque
363 841 463 930 juxta
486 843 779 934 praescriptionem
816 844 924 930 legum
959 845 1107 911 civilium
1130 844 1164 911 in
1188 843 1342 910 Ecclesia

97 930 248 997 orientali
272 932 423 1016 obtinet;
449 929 551 998 donec
581 955 641 1020 pro
679 931 832 1000 Ecclesia
859 933 965 999 latina
987 931 1230 1020 disceptatione
1253 935 1342 998 inter

98 1017 231 1085 Petrum
254 1018 451 1088 Damianum
476 1024 511 1086 et
533 1019 776 1108 Jurisperitum
801 1020 842 1086 de
864 1020 1037 1099 Ravenna,
1062 1021 1124 1087 hoc
1148 1020 1188 1086 de
1211 1019 1341 1106 objecto

97 1111 204 1188 enata,
226 1106 420 1174 Alexander
441 1107 605 1174 secundus
628 1109 787 1175 Pontitex
824 1115 939 1174 coacto
978 1108 1103 1175 Romae
1126 1106 1275 1189 concilio,
1299 1108 1341 1174 ab

97 1194 232 1283 antiquo
251 1194 329 1282 jure
352 1193 547 1283 populorum
571 1197 834 1284 germanicorum
858 1202 1025 1284 receptam
1056 1195 1268 1285 computandi
1291 1217 1341 1261 ra·

99 1281 218 1348 tionem
242 1289 321 1348 actu
353 1286 386 1348 in
417 1283 616 1350 occidentali
649 1284 801 1352 Ecclesia
841 1288 1008 1372 vigentem
1031 1282 1340 1372 praescripsissetl)

98 1367 201 1436 Juxta
223 1370 311 1438 hunc
333 1372 402 1458 jam
426 1371 685 1459 eomputationis
729 1371 870 1453 modum,
905 1395 964 1458 pro
992 1373 1240 1459 computatione
1262 1392 1336 1457 gra·

99 1455 195 1524 duum
218 1457 327 1526 lineae
349 1458 554 1526 collateralis
577 1460 662 1526 duae
685 1457 821 1546 regulae
849 1461 1023 1527 stabilitae
1047 1467 1147 1525 sunt:

191 1544 222 1634 1)
247 1545 379 1634 Regula
408 1569 469 1634 pro
500 1547 588 1616 linea
620 1548 807 1616 collaterali
842 1549 974 1636 aequali
1008 1547 1109 1614 haec:
1135 1546 1208 1629 Quo
1232 1544 1340 1633 gradu

98 1655 259 1720 personae,
284 1633 325 1701 de
348 1657 487 1720 quarum
511 1636 743 1724 conjunctione
767 1637 951 1725 quaeritur,
983 1635 1112 1703 distant
1135 1656 1154 1700 a
1177 1636 1339 1700 communi

98 1721 219 1808 stipite,
242 1722 357 1790 eodem
381 1723 482 1788 ctiam
505 1724 636 1790 distant
658 1727 746 1791 inter
769 1748 814 1806 se,
849 1745 908 1790 seu
940 1732 992 1790 tot
1028 1722 1187 1810 gradibus
1211 1722 1341 1788 distant

98 1830 250 1896 personae
272 1833 291 1876 a
315 1811 524 1894 seinvicem,
549 1819 630 1900 quot
653 1813 813 1900 gradibus
837 1813 965 1878 distant
989 1837 1009 1876 a
1032 1810 1195 1878 communi
1208 1809 1337 1898 stipite.

189 1897 222 1982 2)
245 1896 380 1985 Regula
402 1921 462 1987 pro
485 1900 573 1966 linea
596 1906 791 1967 transversa
828 1900 996 1988 inaequali
1019 1900 1117 1965 haec:
1141 1897 1208 1964 'Poe
1230 1897 1339 1984 gradi·

99 1983 157 2050 bus
179 1985 307 2053 distant
330 2008 490 2076 personae
512 1991 601 2055 inter
634 2011 680 2072 se,
711 1995 793 2077 quot
826 1988 987 2076 gradibus
1018 2009 1158 2075 persona
1181 1987 1339 2052 remotior

98 2071 187 2141 abest
208 2075 409 2142 aoommuni
443 2075 569 2162 stipite.

190 2161 352 2245 Quamvis
375 2169 486 2230 autern
528 2164 627 2252 juxta
650 2165 736 2231 hano
765 2165 983 2251 posteriorem
1029 2160 1188 2249 regulam,
1213 2161 1338 2246 gradus

99 2251 248 2317 remotior
270 2250 387 2316 trahat
410 2251 451 2338 ad
474 2273 510 2318 se
534 2253 812 2342 propinquiorem,
852 2257 886 2318 et
919 2252 1033 2341 potior
1063 2251 1151 2317 ratio
1174 2249 1339 2316 habeatur

99 2336 213 2420 gratim
235 2338 433 2420 remotioris,
457 2361 531 2406 oum
553 2346 667 2406 tamen
700 2341 830 2431 petitur
865 2339 1077 2427 dispensatio,
1104 2337 1337 2424 exprimendus

100 2430 147 2490 est
168 2427 265 2494 etiam
289 2426 415 2515 gradus
438 2427 664 2516 propinquior,
703 2451 741 2495 ea
776 2427 877 2494 etiam
912 2451 952 2495 ex
975 2430 1114 2508 ratione,
1138 2431 1177 2490 ut
1201 2425 1337 2506 sciatur,

100 2531 137 2576 an
160 2535 251 2581 casus
274 2515 311 2580 in
334 2514 555 2584 facultatibus
585 2515 839 2604 Episcopalibus
874 2517 1095 2582 contineatur.
1142 2512 1198 2580 Sic
1232 2513 1340 2579 frater

100 2601 184 2689 nepti
205 2625 246 2669 ax
268 2603 374 2670 fratre
398 2624 458 2670 suo
481 2605 677 2692 progenitae
711 2612 763 2671 est
796 2599 960 2690 cognatus
994 2604 1027 2669 in
1062 2601 1206 2669 secundo
1228 2599 1338 2688 gradu

100 2690 410 2778 consanguineitatis
433 2695 621 2779 attingente
643 2695 794 2780 primum.
833 2692 994 2780 Adeoque
1024 2693 1100 2756 daim
1125 2712 1185 2776 pro
1208 2687 1337 2777 dispen-

99 2778 216 2846 satione
238 2779 473 2846 recurrendum
497 2791 558 2861 est,
594 2780 732 2847 Schema
747 2794 751 2804 ’
767 2781 815 2847 sio
848 2780 975 2846 dictum
998 2777 1334 2863 consanguineitatis,

99 2883 153 2930 sen
184 2867 281 2933 arbor
310 2866 504 2953 gentilitias
536 2875 761 2949 construatur,
801 2867 891 2935 sicut
919 2872 952 2934 in
987 2867 1148 2954 exemplis
1182 2865 1337 2952 superius

100 2949 155 3020 hoo
185 2956 211 3040 ᾗ.
247 2955 433 3024 exhibitum
469 2964 530 3024 eat.
575 2956 791 3026 Construitur
822 2962 935 3022 autem
969 2956 1108 3023 Schema
1136 2952 1191 3020 vel
1237 2953 1338 3020 arbor

100 3042 410 3129 consanguineitatis
446 3065 484 3110 ca
521 3047 675 3111 ratione:
710 3043 943 3112 describantur
978 3046 1109 3110 nomina
1133 3063 1255 3121 eorum,
1280 3041 1336 3125 qui

100 3128 297 3198 matrimonio
317 3130 416 3218 jungi
440 3137 560 3198 volunt
584 3132 768 3199 distinctim
792 3135 826 3197 in
842 3135 934 3198 certa
950 3132 991 3197 ab
1008 3131 1149 3198 invicem
1163 3129 1336 3208 distantia,

101 3235 191 3304 supra
212 3218 393 3308 cujuslibet
415 3241 531 3288 nomen
555 3221 748 3286 scribantur
758 3226 925 3308 parentes,
950 3225 986 3285 et
1008 3241 1109 3306 supra
1133 3216 1192 3283 hos
1216 3215 1334 3283 horum

101 3310 252 3388 parentes,
276 3307 380 3374 donec
402 3307 436 3374 in
460 3329 663 3376 commanem
698 3309 847 3397 stipitem
877 3316 1020 3396 utraque
1058 3308 1159 3374 series
1194 3304 1334 3372 desinat.

144 3507 176 3600 ἓ.
206 3507 296 3590 107-
326 3509 390 3588 De
418 3508 673 3589 extensione
700 3497 1004 3610 impedimenti
1026 3503 1281 3610 consangui-

625 3633 815 3715 neitatis.

183 3799 287 3868 Juxta
311 3801 518 3890 disciplinam
541 3801 713 3869 Ecclesiae
736 3801 920 3868 Orientalis
956 3800 1227 3889 impedimentum
1257 3821 1333 3866 con·

101 3889 347 3973 sangnineitatis
371 3891 565 3959 extenditur
587 3913 692 3979 usque
721 3890 763 3955 ad
794 3890 972 3978 septimum
995 3889 1136 3976 gradum
1159 3887 1334 3969 inclusive,

101 3979 225 4044 octavus
248 3977 323 4045 ideo
345 3980 471 4066 gradus
494 3979 685 4068 prohibitus
700 4001 766 4044 non
790 3987 858 4064 est,
879 3978 980 4067 juxta
993 3977 1201 4065 disciplinam
1220 3982 1333 4042 autem

101 4056 228 4133 Latiam
252 4066 423 4134 Ecclesiae
446 4067 500 4135 hic
522 4067 646 4154 gradus
669 4089 799 4155 quoque
821 4065 962 4154 impedit
986 4066 1240 4145 matrimonium,
1255 4066 1332 4148 quia

102 4147 234 4238 integrat
278 4161 434 4239 quartum
479 4156 620 4244 gradum
657 4156 756 4243 juxta
798 4155 988 4221 canonicam
1033 4155 1334 4242 computationem

101 4233 164 4304 ideo
184 4242 473 4328 graeco-catholici
498 4243 746 4331 dispensatione
776 4241 935 4332 Episcopi
969 4242 1011 4308 ab
1035 4240 1096 4308 hoo
1119 4239 1228 4328 gradu
1250 4261 1334 4328 opus

101 4319 219 4396 habent.
243 4329 314 4399 Imo
337 4332 449 4418 graeci
461 4336 617 4400 asserunt
632 4333 808 4421 septimum
821 4351 950 4416 qaoque
969 4351 1050 4396 suae
1073 4327 1334 4418 eomputationis

106 4487 290 4502 *ᾕ-

167 4551 309 4622 ')iiatalis
327 4554 486 4612 Alexander
509 4569 570 4626 pag.
591 4551 651 4610 185.

165 4645 185 4716 ²)
202 4648 270 4705 Vide
289 4649 395 4719 Sohdpf
412 4649 611 4704 Kirchcnrecht
629 4647 654 4702 4.
682 4647 768 4702 Band.
788 4664 847 4718 pag.
869 4646 911 4702 88.
