<?xml version="1.0" encoding="UTF-8"?>
<!DOCTYPE html PUBLIC "-//W3C//DTD XHTML 1.0 Transitional//EN"
    "http://www.w3.org/TR/xhtml1/DTD/xhtml1-transitional.dtd">
<html xmlns="http://www.w3.org/1999/xhtml" xml:lang="en" lang="en">
 <head>
  <title>
</title>
<meta http-equiv="Content-Type" content="text/html;charset=utf-8" />
  <meta name='ocr-system' content='tesseract 3.04.00' />
  <meta name='ocr-capabilities' content='ocr_page ocr_carea ocr_par ocr_line ocrx_word'/>
</head>
<body>
  <div class='ocr_page' id='page_1' title='image "./enchiridionjuri00pappgoog_0298.png"; bbox 0 0 3420 5358; ppageno 0'>
   <div class='ocr_carea' id='block_1_1' title="bbox 732 383 797 450">
    <p class='ocr_par' dir='ltr' id='par_1_1' title="bbox 732 383 797 450">
     <span class='ocr_line' id='line_1_1' title="bbox 732 383 797 450; baseline 0.015 -1"><span class='ocrx_word' id='word_1_1' title='bbox 732 383 797 450; x_wconf 84' lang='lat'><strong>267</strong></span> 
     </span>
    </p>
   </div>
   <div class='ocr_carea' id='block_1_2' title="bbox 657 479 862 490">
    <p class='ocr_par' dir='ltr' id='par_1_2' title="bbox 657 479 862 490">
     <span class='ocr_line' id='line_1_2' title="bbox 657 479 862 490; baseline 0.005 -3"><span class='ocrx_word' id='word_1_2' title='bbox 657 479 862 490; x_wconf 77' lang='grc'><strong>---.-.</strong></span> 
     </span>
    </p>
   </div>
   <div class='ocr_carea' id='block_1_3' title="bbox 126 601 1386 2722">
    <p class='ocr_par' dir='ltr' id='par_1_3' title="bbox 126 601 1378 776">
     <span class='ocr_line' id='line_1_3' title="bbox 126 601 1378 695; baseline 0.005 -27"><span class='ocrx_word' id='word_1_3' title='bbox 126 601 329 670; x_wconf 80' lang='lat' dir='ltr'><strong>bibitionem</strong></span> <span class='ocrx_word' id='word_1_4' title='bbox 351 602 530 692; x_wconf 88' lang='lat' dir='ltr'><strong>pertinere,</strong></span> <span class='ocrx_word' id='word_1_5' title='bbox 543 625 627 692; x_wconf 88' lang='lat' dir='ltr'><strong>quae</strong></span> <span class='ocrx_word' id='word_1_6' title='bbox 650 603 740 672; x_wconf 88' lang='lat' dir='ltr'><strong>dicta</strong></span> <span class='ocrx_word' id='word_1_7' title='bbox 761 603 836 692; x_wconf 90' lang='lat' dir='ltr'><strong>lege</strong></span> <span class='ocrx_word' id='word_1_8' title='bbox 859 606 1081 674; x_wconf 91' lang='lat' dir='ltr'><strong>continentur.</strong></span> <span class='ocrx_word' id='word_1_9' title='bbox 1094 605 1188 692; x_wconf 77' lang='lat' dir='ltr'><strong>Quae</strong></span> <span class='ocrx_word' id='word_1_10' title='bbox 1201 605 1378 695; x_wconf 77' lang='lat' dir='ltr'><strong>disciplina</strong></span> 
     </span>
     <span class='ocr_line' id='line_1_4' title="bbox 127 689 979 776; baseline 0.002 -18"><span class='ocrx_word' id='word_1_11' title='bbox 127 689 234 758; x_wconf 86' lang='lat' dir='ltr'><strong>etiam</strong></span> <span class='ocrx_word' id='word_1_12' title='bbox 257 712 346 758; x_wconf 88' lang='lat' dir='ltr'><strong>nunc</strong></span> <span class='ocrx_word' id='word_1_13' title='bbox 368 691 427 758; x_wconf 91' lang='lat' dir='ltr'><strong>ubi</strong></span> <span class='ocrx_word' id='word_1_14' title='bbox 449 690 484 758; x_wconf 91' lang='lat' dir='ltr'><strong>in</strong></span> <span class='ocrx_word' id='word_1_15' title='bbox 506 712 571 758; x_wconf 88' lang='lat' dir='ltr'><strong>osu</strong></span> <span class='ocrx_word' id='word_1_16' title='bbox 593 697 655 776; x_wconf 87' lang='lat' dir='ltr'><strong>est,</strong></span> <span class='ocrx_word' id='word_1_17' title='bbox 679 693 889 761; x_wconf 86' lang='lat' dir='ltr'><strong>observanda</strong></span> <span class='ocrx_word' id='word_1_18' title='bbox 916 699 979 761; x_wconf 92' lang='lat' dir='ltr'><strong>est.</strong></span> 
     </span>
    </p>

    <p class='ocr_par' dir='ltr' id='par_1_4' title="bbox 126 777 1384 1374">
     <span class='ocr_line' id='line_1_5' title="bbox 228 777 1383 884; baseline 0.002 -38"><span class='ocrx_word' id='word_1_19' title='bbox 228 777 316 846; x_wconf 78' lang='lat' dir='ltr'><strong>dure</strong></span> <span class='ocrx_word' id='word_1_20' title='bbox 338 777 446 846; x_wconf 89' lang='lat' dir='ltr'><strong>latino</strong></span> <span class='ocrx_word' id='word_1_21' title='bbox 468 779 738 868; x_wconf 81' lang='lat' dir='ltr'><strong>impedimentum</strong></span> <span class='ocrx_word' id='word_1_22' title='bbox 774 784 983 868; x_wconf 79' lang='lat' dir='ltr'><strong>cognationis</strong></span> <span class='ocrx_word' id='word_1_23' title='bbox 1013 780 1201 884; x_wconf 87' lang='lat' dir='ltr'><strong>spiritualis</strong></span> <span class='ocrx_word' id='word_1_24' title='bbox 1224 781 1383 872; x_wconf 87' lang='lat' dir='ltr'><strong>exprimit</strong></span> 
     </span>
     <span class='ocr_line' id='line_1_6' title="bbox 126 864 1384 958; baseline 0.005 -27"><span class='ocrx_word' id='word_1_25' title='bbox 126 864 319 934; x_wconf 85' lang='lat' dir='ltr'><strong>Instructio</strong></span> <span class='ocrx_word' id='word_1_26' title='bbox 353 873 383 952; x_wconf 65' lang='grc' dir='ltr'><strong>ξ.</strong></span> <span class='ocrx_word' id='word_1_27' title='bbox 421 868 473 934; x_wconf 76' lang='lat'><strong>27.</strong></span> <span class='ocrx_word' id='word_1_28' title='bbox 509 869 743 957; x_wconf 89' lang='lat' dir='ltr'><strong>sequentibus:</strong></span> <span class='ocrx_word' id='word_1_29' title='bbox 782 870 945 957; x_wconf 75' lang='lat' dir='ltr'><strong>cognatio</strong></span> <span class='ocrx_word' id='word_1_30' title='bbox 990 867 1188 958; x_wconf 80' lang='lat' dir='ltr'><strong>spuritnalis,</strong></span> <span class='ocrx_word' id='word_1_31' title='bbox 1234 891 1319 958; x_wconf 88' lang='lat' dir='ltr'><strong>quae</strong></span> <span class='ocrx_word' id='word_1_32' title='bbox 1342 891 1384 938; x_wconf 84' lang='lat' dir='ltr'><strong>ex</strong></span> 
     </span>
     <span class='ocr_line' id='line_1_7' title="bbox 126 954 1383 1043; baseline 0.003 -22"><span class='ocrx_word' id='word_1_33' title='bbox 126 954 299 1043; x_wconf 89' lang='lat' dir='ltr'><strong>baptismo</strong></span> <span class='ocrx_word' id='word_1_34' title='bbox 322 962 358 1021; x_wconf 89' lang='lat' dir='ltr'><strong>et</strong></span> <span class='ocrx_word' id='word_1_35' title='bbox 380 955 628 1024; x_wconf 87' lang='lat' dir='ltr'><strong>confirmatione</strong></span> <span class='ocrx_word' id='word_1_36' title='bbox 651 959 768 1038; x_wconf 88' lang='lat' dir='ltr'><strong>oritur,</strong></span> <span class='ocrx_word' id='word_1_37' title='bbox 793 957 921 1025; x_wconf 85' lang='lat' dir='ltr'><strong>dirimit</strong></span> <span class='ocrx_word' id='word_1_38' title='bbox 954 957 1197 1026; x_wconf 84' lang='lat' dir='ltr'><strong>matrimonium</strong></span> <span class='ocrx_word' id='word_1_39' title='bbox 1223 960 1311 1024; x_wconf 91' lang='lat' dir='ltr'><strong>inter</strong></span> <span class='ocrx_word' id='word_1_40' title='bbox 1333 980 1383 1025; x_wconf 90' lang='lat' dir='ltr'><strong>sa-</strong></span> 
     </span>
     <span class='ocr_line' id='line_1_8' title="bbox 126 1042 1383 1133; baseline 0.003 -25"><span class='ocrx_word' id='word_1_41' title='bbox 126 1043 295 1110; x_wconf 87' lang='lat' dir='ltr'><strong>cramenti</strong></span> <span class='ocrx_word' id='word_1_42' title='bbox 318 1042 578 1132; x_wconf 73' lang='lat' dir='ltr'><strong>dispensatorem</strong></span> <span class='ocrx_word' id='word_1_43' title='bbox 601 1051 636 1113; x_wconf 90' lang='lat' dir='ltr'><strong>et</strong></span> <span class='ocrx_word' id='word_1_44' title='bbox 658 1046 867 1133; x_wconf 81' lang='lat' dir='ltr'><strong>baptizatum</strong></span> <span class='ocrx_word' id='word_1_45' title='bbox 899 1047 953 1114; x_wconf 90' lang='lat' dir='ltr'><strong>vel</strong></span> <span class='ocrx_word' id='word_1_46' title='bbox 977 1048 1218 1127; x_wconf 86' lang='lat' dir='ltr'><strong>confirmatum,</strong></span> <span class='ocrx_word' id='word_1_47' title='bbox 1241 1067 1383 1114; x_wconf 90' lang='lat' dir='ltr'><strong>necnon</strong></span> 
     </span>
     <span class='ocr_line' id='line_1_9' title="bbox 126 1130 1383 1224; baseline 0.003 -26"><span class='ocrx_word' id='word_1_48' title='bbox 126 1130 298 1220; x_wconf 82' lang='lat' dir='ltr'><strong>baptizati</strong></span> <span class='ocrx_word' id='word_1_49' title='bbox 322 1137 373 1198; x_wconf 87' lang='lat' dir='ltr'><strong>vel</strong></span> <span class='ocrx_word' id='word_1_50' title='bbox 406 1131 593 1200; x_wconf 91' lang='lat' dir='ltr'><strong>confirmati</strong></span> <span class='ocrx_word' id='word_1_51' title='bbox 638 1141 803 1221; x_wconf 86' lang='lat' dir='ltr'><strong>parentes,</strong></span> <span class='ocrx_word' id='word_1_52' title='bbox 849 1135 939 1202; x_wconf 89' lang='lat' dir='ltr'><strong>inter</strong></span> <span class='ocrx_word' id='word_1_53' title='bbox 973 1135 1142 1224; x_wconf 88' lang='lat' dir='ltr'><strong>patrinum</strong></span> <span class='ocrx_word' id='word_1_54' title='bbox 1209 1155 1317 1223; x_wconf 89' lang='lat' dir='ltr'><strong>noque</strong></span> <span class='ocrx_word' id='word_1_55' title='bbox 1348 1139 1383 1202; x_wconf 89' lang='lat' dir='ltr'><strong>et</strong></span> 
     </span>
     <span class='ocr_line' id='line_1_10' title="bbox 127 1157 1383 1374; baseline 0.003 -88"><span class='ocrx_word' id='word_1_56' title='bbox 127 1219 343 1374; x_wconf 45' lang='lat' dir='ltr'><strong>baptizatum</strong></span> <span class='ocrx_word' id='word_1_57' title='bbox 377 1219 429 1288; x_wconf 87' lang='lat' dir='ltr'><strong>vel</strong></span> <span class='ocrx_word' id='word_1_58' title='bbox 465 1220 706 1304; x_wconf 88' lang='lat' dir='ltr'><strong>confirmatum,</strong></span> <span class='ocrx_word' id='word_1_59' title='bbox 744 1245 803 1293; x_wconf 88' lang='lat' dir='ltr'><strong>nee</strong></span> <span class='ocrx_word' id='word_1_60' title='bbox 833 1245 899 1289; x_wconf 90' lang='lat' dir='ltr'><strong>non</strong></span> <span class='ocrx_word' id='word_1_61' title='bbox 933 1223 1100 1312; x_wconf 83' lang='lat' dir='ltr'><strong>baptizati</strong></span> <span class='ocrx_word' id='word_1_62' title='bbox 1131 1157 1383 1311; x_wconf 59' lang='lat' dir='ltr'><strong>condrmatique</strong></span> 
     </span>
    </p>

    <p class='ocr_par' dir='ltr' id='par_1_5' title="bbox 190 1329 299 1375">
     <span class='ocr_line' id='line_1_11' title="bbox 190 1329 299 1375; baseline -0.018 0"><span class='ocrx_word' id='word_1_63' title='bbox 190 1329 232 1375; x_wconf 92' lang='lat' dir='ltr'><strong>en</strong></span> <span class='ocrx_word' id='word_1_64' title='bbox 273 1330 299 1374; x_wconf 89' lang='lat' dir='ltr'><strong>s.</strong></span> 
     </span>
    </p>

    <p class='ocr_par' dir='ltr' id='par_1_6' title="bbox 127 1329 1384 1838">
     <span class='ocr_line' id='line_1_12' title="bbox 127 1329 1383 1488; baseline 0.002 -26"><span class='ocrx_word' id='word_1_65' title='bbox 127 1329 189 1396; x_wconf 62' lang='lat' dir='ltr'><em>W</em></span> <span class='ocrx_word' id='word_1_66' title='bbox 227 1395 433 1464; x_wconf 86' lang='lat' dir='ltr'><strong>Differentia</strong></span> <span class='ocrx_word' id='word_1_67' title='bbox 455 1396 562 1483; x_wconf 90' lang='lat' dir='ltr'><strong>igitur</strong></span> <span class='ocrx_word' id='word_1_68' title='bbox 583 1420 603 1464; x_wconf 89' lang='lat' dir='ltr'><strong>a</strong></span> <span class='ocrx_word' id='word_1_69' title='bbox 627 1395 806 1488; x_wconf 90' lang='lat' dir='ltr'><strong>disciplina</strong></span> <span class='ocrx_word' id='word_1_70' title='bbox 843 1420 963 1485; x_wconf 88' lang='lat' dir='ltr'><strong>graeca</strong></span> <span class='ocrx_word' id='word_1_71' title='bbox 986 1397 1023 1464; x_wconf 93' lang='lat' dir='ltr'><strong>in</strong></span> <span class='ocrx_word' id='word_1_72' title='bbox 1045 1419 1084 1465; x_wconf 91' lang='lat' dir='ltr'><strong>eo</strong></span> <span class='ocrx_word' id='word_1_73' title='bbox 1107 1396 1272 1479; x_wconf 90' lang='lat' dir='ltr'><strong>consistit,</strong></span> <span class='ocrx_word' id='word_1_74' title='bbox 1295 1396 1383 1486; x_wconf 91' lang='lat' dir='ltr'><strong>quod</strong></span> 
     </span>
     <span class='ocr_line' id='line_1_13' title="bbox 128 1483 1383 1575; baseline 0.001 -24"><span class='ocrx_word' id='word_1_75' title='bbox 128 1483 317 1552; x_wconf 88' lang='lat' dir='ltr'><strong>secundnm</strong></span> <span class='ocrx_word' id='word_1_76' title='bbox 350 1483 491 1552; x_wconf 88' lang='lat' dir='ltr'><strong>Latinos</strong></span> <span class='ocrx_word' id='word_1_77' title='bbox 525 1485 723 1574; x_wconf 91' lang='lat' dir='ltr'><strong>permissum</strong></span> <span class='ocrx_word' id='word_1_78' title='bbox 757 1489 803 1554; x_wconf 89' lang='lat' dir='ltr'><strong>sit</strong></span> <span class='ocrx_word' id='word_1_79' title='bbox 833 1486 903 1553; x_wconf 90' lang='lat' dir='ltr'><strong>filio</strong></span> <span class='ocrx_word' id='word_1_80' title='bbox 938 1486 1064 1575; x_wconf 88' lang='lat' dir='ltr'><strong>patrini</strong></span> <span class='ocrx_word' id='word_1_81' title='bbox 1095 1485 1215 1554; x_wconf 90' lang='lat' dir='ltr'><strong>ducere</strong></span> <span class='ocrx_word' id='word_1_82' title='bbox 1238 1506 1383 1553; x_wconf 88' lang='lat' dir='ltr'><strong>sororem</strong></span> 
     </span>
     <span class='ocr_line' id='line_1_14' title="bbox 128 1572 1384 1664; baseline -0.001 -24"><span class='ocrx_word' id='word_1_83' title='bbox 128 1572 192 1640; x_wconf 86' lang='lat' dir='ltr'><strong>lilii</strong></span> <span class='ocrx_word' id='word_1_84' title='bbox 218 1572 407 1662; x_wconf 85' lang='lat' dir='ltr'><strong>spiritualis</strong></span> <span class='ocrx_word' id='word_1_85' title='bbox 429 1573 620 1662; x_wconf 88' lang='lat' dir='ltr'><strong>patrissui,</strong></span> <span class='ocrx_word' id='word_1_86' title='bbox 644 1574 731 1660; x_wconf 88' lang='lat' dir='ltr'><strong>quod</strong></span> <span class='ocrx_word' id='word_1_87' title='bbox 772 1597 832 1664; x_wconf 89' lang='lat' dir='ltr'><strong>per</strong></span> <span class='ocrx_word' id='word_1_88' title='bbox 854 1575 1063 1664; x_wconf 77' lang='lat' dir='ltr'><strong>disciplinam</strong></span> <span class='ocrx_word' id='word_1_89' title='bbox 1098 1595 1251 1660; x_wconf 80' lang='lat' dir='ltr'><strong>graonam</strong></span> <span class='ocrx_word' id='word_1_90' title='bbox 1274 1574 1384 1663; x_wconf 87' lang='lat' dir='ltr'><strong>prohi-</strong></span> 
     </span>
     <span class='ocr_line' id='line_1_15' title="bbox 128 1660 1382 1752; baseline 0 -24"><span class='ocrx_word' id='word_1_91' title='bbox 128 1662 240 1728; x_wconf 90' lang='lat' dir='ltr'><strong>bitum</strong></span> <span class='ocrx_word' id='word_1_92' title='bbox 265 1667 329 1743; x_wconf 88' lang='lat' dir='ltr'><strong>est,</strong></span> <span class='ocrx_word' id='word_1_93' title='bbox 351 1660 387 1727; x_wconf 90' lang='lat' dir='ltr'><strong>iu</strong></span> <span class='ocrx_word' id='word_1_94' title='bbox 409 1667 572 1750; x_wconf 88' lang='lat' dir='ltr'><strong>quantum</strong></span> <span class='ocrx_word' id='word_1_95' title='bbox 592 1661 685 1729; x_wconf 90' lang='lat' dir='ltr'><strong>inter</strong></span> <span class='ocrx_word' id='word_1_96' title='bbox 711 1663 798 1730; x_wconf 90' lang='lat' dir='ltr'><strong>filios</strong></span> <span class='ocrx_word' id='word_1_97' title='bbox 832 1665 1039 1752; x_wconf 84' lang='lat' dir='ltr'><strong>patrinorum</strong></span> <span class='ocrx_word' id='word_1_98' title='bbox 1063 1668 1165 1751; x_wconf 89' lang='lat' dir='ltr'><strong>atque</strong></span> <span class='ocrx_word' id='word_1_99' title='bbox 1186 1661 1293 1730; x_wconf 90' lang='lat' dir='ltr'><strong>filium</strong></span> <span class='ocrx_word' id='word_1_100' title='bbox 1317 1662 1382 1750; x_wconf 91' lang='lat' dir='ltr'><strong>spi·</strong></span> 
     </span>
     <span class='ocr_line' id='line_1_16' title="bbox 129 1745 1382 1838; baseline 0 -22"><span class='ocrx_word' id='word_1_101' title='bbox 129 1747 302 1830; x_wconf 74' lang='lat' dir='ltr'><strong>sitoniam,</strong></span> <span class='ocrx_word' id='word_1_102' title='bbox 325 1749 462 1838; x_wconf 89' lang='lat' dir='ltr'><strong>ejusque</strong></span> <span class='ocrx_word' id='word_1_103' title='bbox 484 1750 609 1818; x_wconf 85' lang='lat' dir='ltr'><strong>fratres</strong></span> <span class='ocrx_word' id='word_1_104' title='bbox 631 1757 668 1819; x_wconf 92' lang='lat' dir='ltr'><strong>et</strong></span> <span class='ocrx_word' id='word_1_105' title='bbox 690 1772 820 1818; x_wconf 86' lang='lat' dir='ltr'><strong>sorores</strong></span> <span class='ocrx_word' id='word_1_106' title='bbox 842 1751 993 1819; x_wconf 84' lang='lat' dir='ltr'><strong>fraterna</strong></span> <span class='ocrx_word' id='word_1_107' title='bbox 1016 1745 1193 1819; x_wconf 81' lang='lat' dir='ltr'><strong>correlatio</strong></span> <span class='ocrx_word' id='word_1_108' title='bbox 1216 1750 1382 1817; x_wconf 78' lang='lat' dir='ltr'><strong>consistit.</strong></span> 
     </span>
    </p>

    <p class='ocr_par' dir='ltr' id='par_1_7' title="bbox 130 1837 1384 2016">
     <span class='ocr_line' id='line_1_17' title="bbox 228 1837 1384 1929; baseline -0.001 -23"><span class='ocrx_word' id='word_1_109' title='bbox 228 1837 363 1924; x_wconf 73' lang='lat' dir='ltr'><strong>Notant</strong></span> <span class='ocrx_word' id='word_1_110' title='bbox 384 1844 496 1904; x_wconf 87' lang='lat' dir='ltr'><strong>antem</strong></span> <span class='ocrx_word' id='word_1_111' title='bbox 520 1837 731 1925; x_wconf 86' lang='lat' dir='ltr'><strong>Oanonistae,</strong></span> <span class='ocrx_word' id='word_1_112' title='bbox 756 1840 817 1906; x_wconf 89' lang='lat' dir='ltr'><strong>hoc</strong></span> <span class='ocrx_word' id='word_1_113' title='bbox 849 1839 1118 1929; x_wconf 88' lang='lat' dir='ltr'><strong>impedimentum</strong></span> <span class='ocrx_word' id='word_1_114' title='bbox 1141 1860 1208 1906; x_wconf 92' lang='lat' dir='ltr'><strong>non</strong></span> <span class='ocrx_word' id='word_1_115' title='bbox 1231 1837 1384 1907; x_wconf 87' lang='lat' dir='ltr'><strong>contrahi</strong></span> 
     </span>
     <span class='ocr_line' id='line_1_18' title="bbox 130 1925 1339 2016; baseline 0 -23"><span class='ocrx_word' id='word_1_116' title='bbox 130 1925 173 1994; x_wconf 84' lang='lat' dir='ltr'><strong>ab</strong></span> <span class='ocrx_word' id='word_1_117' title='bbox 198 1948 249 2006; x_wconf 92' lang='lat' dir='ltr'><strong>eo,</strong></span> <span class='ocrx_word' id='word_1_118' title='bbox 273 1926 331 2016; x_wconf 91' lang='lat' dir='ltr'><strong>qui</strong></span> <span class='ocrx_word' id='word_1_119' title='bbox 352 1927 583 2016; x_wconf 77' lang='lat' dir='ltr'><strong>procuratorio</strong></span> <span class='ocrx_word' id='word_1_120' title='bbox 602 1932 736 1995; x_wconf 87' lang='lat' dir='ltr'><strong>tantum</strong></span> <span class='ocrx_word' id='word_1_121' title='bbox 760 1927 891 1995; x_wconf 91' lang='lat' dir='ltr'><strong>nomine</strong></span> <span class='ocrx_word' id='word_1_122' title='bbox 929 1927 1056 2016; x_wconf 88' lang='lat' dir='ltr'><strong>patrini</strong></span> <span class='ocrx_word' id='word_1_123' title='bbox 1080 1947 1199 1994; x_wconf 87' lang='lat' dir='ltr'><strong>munus</strong></span> <span class='ocrx_word' id='word_1_124' title='bbox 1222 1925 1339 1994; x_wconf 88' lang='lat' dir='ltr'><strong>obivit.</strong></span> 
     </span>
    </p>

    <p class='ocr_par' dir='ltr' id='par_1_8' title="bbox 131 2014 1386 2546">
     <span class='ocr_line' id='line_1_19' title="bbox 230 2014 1385 2104; baseline 0 -24"><span class='ocrx_word' id='word_1_125' title='bbox 230 2015 376 2104; x_wconf 90' lang='lat' dir='ltr'><strong>lusuper</strong></span> <span class='ocrx_word' id='word_1_126' title='bbox 397 2014 669 2104; x_wconf 88' lang='lat' dir='ltr'><strong>impedimentum</strong></span> <span class='ocrx_word' id='word_1_127' title='bbox 693 2016 755 2085; x_wconf 92' lang='lat' dir='ltr'><strong>hoc</strong></span> <span class='ocrx_word' id='word_1_128' title='bbox 777 2015 986 2103; x_wconf 88' lang='lat' dir='ltr'><strong>cognationis</strong></span> <span class='ocrx_word' id='word_1_129' title='bbox 1009 2014 1197 2103; x_wconf 87' lang='lat' dir='ltr'><strong>spiritualis</strong></span> <span class='ocrx_word' id='word_1_130' title='bbox 1219 2014 1322 2082; x_wconf 88' lang='lat' dir='ltr'><strong>etiam</strong></span> <span class='ocrx_word' id='word_1_131' title='bbox 1344 2035 1385 2081; x_wconf 85' lang='lat' dir='ltr'><strong>ex</strong></span> 
     </span>
     <span class='ocr_line' id='line_1_20' title="bbox 131 2101 1385 2189; baseline 0.001 -20"><span class='ocrx_word' id='word_1_132' title='bbox 131 2102 352 2170; x_wconf 86' lang='lat' dir='ltr'><strong>Sacramento</strong></span> <span class='ocrx_word' id='word_1_133' title='bbox 374 2101 579 2171; x_wconf 85' lang='lat' dir='ltr'><strong>Matrimonii</strong></span> <span class='ocrx_word' id='word_1_134' title='bbox 605 2105 757 2170; x_wconf 90' lang='lat' dir='ltr'><strong>contrahi</strong></span> <span class='ocrx_word' id='word_1_135' title='bbox 777 2111 909 2171; x_wconf 65' lang='lat' dir='ltr'><strong>‘tenent</strong></span> <span class='ocrx_word' id='word_1_136' title='bbox 944 2102 1084 2189; x_wconf 80' lang='lat' dir='ltr'><strong>Graeci5</strong></span> <span class='ocrx_word' id='word_1_137' title='bbox 1108 2125 1184 2170; x_wconf 91' lang='lat' dir='ltr'><strong>nam</strong></span> <span class='ocrx_word' id='word_1_138' title='bbox 1207 2105 1240 2171; x_wconf 93' lang='lat' dir='ltr'><strong>iu</strong></span> <span class='ocrx_word' id='word_1_139' title='bbox 1264 2101 1385 2170; x_wconf 86' lang='lat' dir='ltr'><strong>Codice</strong></span> 
     </span>
     <span class='ocr_line' id='line_1_21' title="bbox 135 2189 1384 2281; baseline 0 -23"><span class='ocrx_word' id='word_1_140' title='bbox 135 2189 313 2258; x_wconf 88' lang='lat' dir='ltr'><strong>Canonum</strong></span> <span class='ocrx_word' id='word_1_141' title='bbox 337 2190 440 2278; x_wconf 83' lang='lat' dir='ltr'><strong>vulgo</strong></span> <span class='ocrx_word' id='word_1_142' title='bbox 462 2191 609 2273; x_wconf 90' lang='lat' dir='ltr'><strong>Pravila,</strong></span> <span class='ocrx_word' id='word_1_143' title='bbox 631 2192 730 2281; x_wconf 82' lang='lat' dir='ltr'><strong>juxta</strong></span> <span class='ocrx_word' id='word_1_144' title='bbox 753 2191 933 2260; x_wconf 86' lang='lat' dir='ltr'><strong>editionem</strong></span> <span class='ocrx_word' id='word_1_145' title='bbox 956 2191 1073 2278; x_wconf 88' lang='lat' dir='ltr'><strong>lingua</strong></span> <span class='ocrx_word' id='word_1_146' title='bbox 1088 2213 1225 2259; x_wconf 90' lang='lat' dir='ltr'><strong>romana</strong></span> <span class='ocrx_word' id='word_1_147' title='bbox 1247 2212 1307 2258; x_wconf 91' lang='lat' dir='ltr'><strong>seu</strong></span> <span class='ocrx_word' id='word_1_148' title='bbox 1329 2213 1384 2258; x_wconf 91' lang='lat' dir='ltr'><strong>va·</strong></span> 
     </span>
     <span class='ocr_line' id='line_1_22' title="bbox 132 2277 1385 2368; baseline 0.001 -25"><span class='ocrx_word' id='word_1_149' title='bbox 132 2277 266 2346; x_wconf 89' lang='lat' dir='ltr'><strong>lachica</strong></span> <span class='ocrx_word' id='word_1_150' title='bbox 289 2300 365 2368; x_wconf 90' lang='lat' dir='ltr'><strong>pag.</strong></span> <span class='ocrx_word' id='word_1_151' title='bbox 392 2277 489 2346; x_wconf 74' lang='lat' dir='ltr'><strong>rsa-a</strong></span> <span class='ocrx_word' id='word_1_152' title='bbox 511 2279 638 2366; x_wconf 86' lang='lat' dir='ltr'><strong>legitur</strong></span> <span class='ocrx_word' id='word_1_153' title='bbox 670 2280 828 2349; x_wconf 81' lang='lat' dir='ltr'><strong>Titulus:</strong></span> <span class='ocrx_word' id='word_1_154' title='bbox 878 2281 947 2363; x_wconf 89' lang='lat' dir='ltr'><strong>‚De</strong></span> <span class='ocrx_word' id='word_1_155' title='bbox 969 2279 1176 2367; x_wconf 80' lang='lat' dir='ltr'><strong>Cognatione</strong></span> <span class='ocrx_word' id='word_1_156' title='bbox 1208 2302 1249 2346; x_wconf 85' lang='lat' dir='ltr'><strong>ex</strong></span> <span class='ocrx_word' id='word_1_157' title='bbox 1270 2278 1385 2345; x_wconf 89' lang='lat' dir='ltr'><strong>Matri·</strong></span> 
     </span>
     <span class='ocr_line' id='line_1_23' title="bbox 132 2365 1385 2456; baseline -0.001 -24"><span class='ocrx_word' id='word_1_158' title='bbox 132 2365 277 2434; x_wconf 63' lang='lat' dir='ltr'><strong>monio!</strong></span> <span class='ocrx_word' id='word_1_159' title='bbox 304 2389 389 2456; x_wconf 88' lang='lat' dir='ltr'><strong>quae</strong></span> <span class='ocrx_word' id='word_1_160' title='bbox 412 2367 624 2435; x_wconf 87' lang='lat' dir='ltr'><strong>contrahitur</strong></span> <span class='ocrx_word' id='word_1_161' title='bbox 646 2367 738 2436; x_wconf 90' lang='lat' dir='ltr'><strong>inter</strong></span> <span class='ocrx_word' id='word_1_162' title='bbox 758 2374 864 2436; x_wconf 88' lang='lat' dir='ltr'><strong>testes</strong></span> <span class='ocrx_word' id='word_1_163' title='bbox 887 2368 929 2436; x_wconf 90' lang='lat' dir='ltr'><strong>ad</strong></span> <span class='ocrx_word' id='word_1_164' title='bbox 951 2367 1202 2436; x_wconf 87' lang='lat' dir='ltr'><strong>Matrimonium</strong></span> <span class='ocrx_word' id='word_1_165' title='bbox 1216 2365 1385 2434; x_wconf 87' lang='lat' dir='ltr'><strong>adhibitos</strong></span> 
     </span>
     <span class='ocr_line' id='line_1_24' title="bbox 133 2455 1386 2546; baseline -0.002 -23"><span class='ocrx_word' id='word_1_166' title='bbox 133 2455 233 2544; x_wconf 89' lang='lat' dir='ltr'><strong>quasi</strong></span> <span class='ocrx_word' id='word_1_167' title='bbox 302 2458 417 2536; x_wconf 87' lang='lat' dir='ltr'><strong>trinos,</strong></span> <span class='ocrx_word' id='word_1_168' title='bbox 441 2463 477 2523; x_wconf 89' lang='lat' dir='ltr'><strong>et</strong></span> <span class='ocrx_word' id='word_1_169' title='bbox 500 2461 656 2544; x_wconf 87' lang='lat' dir='ltr'><strong>parentes</strong></span> <span class='ocrx_word' id='word_1_170' title='bbox 679 2479 883 2546; x_wconf 90' lang='lat' dir='ltr'><strong>sponsorum,</strong></span> <span class='ocrx_word' id='word_1_171' title='bbox 914 2456 1003 2524; x_wconf 89' lang='lat' dir='ltr'><strong>filios</strong></span> <span class='ocrx_word' id='word_1_172' title='bbox 1028 2478 1068 2522; x_wconf 91' lang='lat' dir='ltr'><strong>ue</strong></span> <span class='ocrx_word' id='word_1_173' title='bbox 1090 2477 1203 2523; x_wconf 88' lang='lat' dir='ltr'><strong>eorum</strong></span> <span class='ocrx_word' id='word_1_174' title='bbox 1226 2455 1317 2522; x_wconf 92' lang='lat' dir='ltr'><strong>inter</strong></span> <span class='ocrx_word' id='word_1_175' title='bbox 1339 2475 1386 2521; x_wconf 90' lang='lat' dir='ltr'><strong>se.</strong></span> 
     </span>
    </p>

    <p class='ocr_par' dir='ltr' id='par_1_9' title="bbox 289 2479 1386 2633">
     <span class='ocr_line' id='line_1_25' title="bbox 289 2479 1386 2633; baseline -0.003 -22"><span class='ocrx_word' id='word_1_176' title='bbox 289 2566 326 2611; x_wconf 90' lang='lat' dir='ltr'><strong>ec</strong></span> <span class='ocrx_word' id='word_1_177' title='bbox 371 2543 531 2612; x_wconf 87' lang='lat' dir='ltr'><strong>rohibitio</strong></span> <span class='ocrx_word' id='word_1_178' title='bbox 553 2543 763 2613; x_wconf 88' lang='lat' dir='ltr'><strong>Matrimonii</strong></span> <span class='ocrx_word' id='word_1_179' title='bbox 785 2545 844 2612; x_wconf 90' lang='lat' dir='ltr'><strong>ubi</strong></span> <span class='ocrx_word' id='word_1_180' title='bbox 868 2545 972 2633; x_wconf 83' lang='lat' dir='ltr'><strong>viget,</strong></span> <span class='ocrx_word' id='word_1_181' title='bbox 996 2479 1236 2633; x_wconf 71' lang='lat' dir='ltr'><strong>Mpiscoporum</strong></span> <span class='ocrx_word' id='word_1_182' title='bbox 1259 2543 1386 2633; x_wconf 85' lang='lat' dir='ltr'><strong>dispen-</strong></span> 
     </span>
    </p>

    <p class='ocr_par' dir='ltr' id='par_1_10' title="bbox 133 2566 510 2722">
     <span class='ocr_line' id='line_1_26' title="bbox 133 2566 510 2722; baseline 0.003 -24"><span class='ocrx_word' id='word_1_183' title='bbox 133 2633 266 2700; x_wconf 88' lang='lat' dir='ltr'><strong>satione</strong></span> <span class='ocrx_word' id='word_1_184' title='bbox 289 2566 370 2702; x_wconf 74' lang='lat' dir='ltr'><strong>told</strong></span> <span class='ocrx_word' id='word_1_185' title='bbox 388 2638 510 2722; x_wconf 88' lang='lat' dir='ltr'><strong>potest.</strong></span> 
     </span>
    </p>
   </div>
   <div class='ocr_carea' id='block_1_4' title="bbox 190 2831 1336 2958">
    <p class='ocr_par' dir='ltr' id='par_1_11' title="bbox 190 2831 1336 2958">
     <span class='ocr_line' id='line_1_27' title="bbox 190 2831 1336 2958; baseline -0.002 -44"><span class='ocrx_word' id='word_1_186' title='bbox 190 2835 225 2929; x_wconf 75' lang='lat'><strong>§-</strong></span> <span class='ocrx_word' id='word_1_187' title='bbox 258 2832 352 2914; x_wconf 80' lang='lat'><strong>112.</strong></span> <span class='ocrx_word' id='word_1_188' title='bbox 380 2835 444 2914; x_wconf 88' lang='lat' dir='ltr'><strong>De</strong></span> <span class='ocrx_word' id='word_1_189' title='bbox 472 2832 730 2958; x_wconf 85' lang='lat' dir='ltr'><strong>Adoptione,</strong></span> <span class='ocrx_word' id='word_1_190' title='bbox 763 2834 861 2916; x_wconf 88' lang='lat' dir='ltr'><strong>sive</strong></span> <span class='ocrx_word' id='word_1_191' title='bbox 893 2832 1160 2940; x_wconf 68' lang='lat' dir='ltr'><strong>cognatione</strong></span> <span class='ocrx_word' id='word_1_192' title='bbox 1186 2831 1336 2937; x_wconf 84' lang='lat' dir='ltr'><strong>legali.</strong></span> 
     </span>
    </p>
   </div>
   <div class='ocr_carea' id='block_1_5' title="bbox 133 2999 1394 4417">
    <p class='ocr_par' dir='ltr' id='par_1_12' title="bbox 133 2999 1392 4074">
     <span class='ocr_line' id='line_1_28' title="bbox 233 2999 1388 3092; baseline -0.002 -22"><span class='ocrx_word' id='word_1_193' title='bbox 233 2999 383 3091; x_wconf 88' lang='lat' dir='ltr'><strong>Adoptio</strong></span> <span class='ocrx_word' id='word_1_194' title='bbox 406 3007 458 3069; x_wconf 90' lang='lat' dir='ltr'><strong>est</strong></span> <span class='ocrx_word' id='word_1_195' title='bbox 481 3002 569 3068; x_wconf 90' lang='lat' dir='ltr'><strong>actio</strong></span> <span class='ocrx_word' id='word_1_196' title='bbox 593 3001 759 3084; x_wconf 87' lang='lat' dir='ltr'><strong>solemnis,</strong></span> <span class='ocrx_word' id='word_1_197' title='bbox 792 3025 857 3092; x_wconf 89' lang='lat' dir='ltr'><strong>qua</strong></span> <span class='ocrx_word' id='word_1_198' title='bbox 881 3002 1046 3070; x_wconf 89' lang='lat' dir='ltr'><strong>inlocum</strong></span> <span class='ocrx_word' id='word_1_199' title='bbox 1082 3001 1145 3068; x_wconf 87' lang='lat' dir='ltr'><strong>filii</strong></span> <span class='ocrx_word' id='word_1_200' title='bbox 1178 3001 1232 3069; x_wconf 93' lang='lat' dir='ltr'><strong>vel</strong></span> <span class='ocrx_word' id='word_1_201' title='bbox 1257 2999 1388 3089; x_wconf 86' lang='lat' dir='ltr'><strong>nepotis</strong></span> 
     </span>
     <span class='ocr_line' id='line_1_29' title="bbox 133 3087 1388 3175; baseline -0.002 -19"><span class='ocrx_word' id='word_1_202' title='bbox 133 3089 339 3157; x_wconf 89' lang='lat' dir='ltr'><strong>adsciscitur</strong></span> <span class='ocrx_word' id='word_1_203' title='bbox 360 3089 400 3171; x_wconf 88' lang='lat' dir='ltr'><strong>is,</strong></span> <span class='ocrx_word' id='word_1_204' title='bbox 424 3089 481 3174; x_wconf 91' lang='lat' dir='ltr'><strong>qui</strong></span> <span class='ocrx_word' id='word_1_205' title='bbox 504 3095 627 3157; x_wconf 90' lang='lat' dir='ltr'><strong>natura</strong></span> <span class='ocrx_word' id='word_1_206' title='bbox 650 3090 731 3158; x_wconf 88' lang='lat' dir='ltr'><strong>talis</strong></span> <span class='ocrx_word' id='word_1_207' title='bbox 754 3113 822 3157; x_wconf 91' lang='lat' dir='ltr'><strong>non</strong></span> <span class='ocrx_word' id='word_1_208' title='bbox 843 3098 911 3175; x_wconf 88' lang='lat' dir='ltr'><strong>est;</strong></span> <span class='ocrx_word' id='word_1_209' title='bbox 947 3091 1166 3158; x_wconf 91' lang='lat' dir='ltr'><strong>communiter</strong></span> <span class='ocrx_word' id='word_1_210' title='bbox 1188 3112 1207 3156; x_wconf 91' lang='lat' dir='ltr'><strong>a</strong></span> <span class='ocrx_word' id='word_1_211' title='bbox 1231 3087 1388 3158; x_wconf 82' lang='lat' dir='ltr'><strong>Oanonis·</strong></span> 
     </span>
     <span class='ocr_line' id='line_1_30' title="bbox 133 3177 1388 3267; baseline -0.002 -24"><span class='ocrx_word' id='word_1_212' title='bbox 133 3179 185 3244; x_wconf 85' lang='lat' dir='ltr'><strong>tis</strong></span> <span class='ocrx_word' id='word_1_213' title='bbox 208 3177 387 3244; x_wconf 83' lang='lat' dir='ltr'><strong>definitur:</strong></span> <span class='ocrx_word' id='word_1_214' title='bbox 411 3183 590 3246; x_wconf 84' lang='lat' dir='ltr'><strong>extraneae</strong></span> <span class='ocrx_word' id='word_1_215' title='bbox 613 3201 774 3267; x_wconf 89' lang='lat' dir='ltr'><strong>personae</strong></span> <span class='ocrx_word' id='word_1_216' title='bbox 797 3179 832 3244; x_wconf 92' lang='lat' dir='ltr'><strong>in</strong></span> <span class='ocrx_word' id='word_1_217' title='bbox 856 3179 963 3245; x_wconf 89' lang='lat' dir='ltr'><strong>filium</strong></span> <span class='ocrx_word' id='word_1_218' title='bbox 995 3178 1047 3244; x_wconf 88' lang='lat' dir='ltr'><strong>vel</strong></span> <span class='ocrx_word' id='word_1_219' title='bbox 1073 3179 1188 3258; x_wconf 89' lang='lat' dir='ltr'><strong>filiam,</strong></span> <span class='ocrx_word' id='word_1_220' title='bbox 1213 3178 1267 3245; x_wconf 88' lang='lat' dir='ltr'><strong>vel</strong></span> <span class='ocrx_word' id='word_1_221' title='bbox 1290 3197 1388 3263; x_wconf 92' lang='lat' dir='ltr'><strong>nepo·</strong></span> 
     </span>
     <span class='ocr_line' id='line_1_31' title="bbox 134 3265 1389 3354; baseline -0.004 -22"><span class='ocrx_word' id='word_1_222' title='bbox 134 3273 204 3332; x_wconf 90' lang='lat' dir='ltr'><strong>tem</strong></span> <span class='ocrx_word' id='word_1_223' title='bbox 250 3265 403 3351; x_wconf 90' lang='lat' dir='ltr'><strong>legitima</strong></span> <span class='ocrx_word' id='word_1_224' title='bbox 426 3267 633 3354; x_wconf 83' lang='lat' dir='ltr'><strong>assumpti03</strong></span> <span class='ocrx_word' id='word_1_225' title='bbox 675 3280 710 3333; x_wconf 90' lang='lat' dir='ltr'><strong>et</strong></span> <span class='ocrx_word' id='word_1_226' title='bbox 749 3268 830 3334; x_wconf 90' lang='lat' dir='ltr'><strong>haec</strong></span> <span class='ocrx_word' id='word_1_227' title='bbox 853 3273 905 3334; x_wconf 92' lang='lat' dir='ltr'><strong>est</strong></span> <span class='ocrx_word' id='word_1_228' title='bbox 932 3265 1069 3354; x_wconf 89' lang='lat' dir='ltr'><strong>adoptio</strong></span> <span class='ocrx_word' id='word_1_229' title='bbox 1109 3266 1269 3354; x_wconf 81' lang='lat' dir='ltr'><strong>perfecta,</strong></span> <span class='ocrx_word' id='word_1_230' title='bbox 1310 3265 1389 3352; x_wconf 88' lang='lat' dir='ltr'><strong>quie</strong></span> 
     </span>
     <span class='ocr_line' id='line_1_32' title="bbox 135 3353 1390 3442; baseline -0.002 -22"><span class='ocrx_word' id='word_1_231' title='bbox 135 3354 320 3442; x_wconf 87' lang='lat' dir='ltr'><strong>adoptatus</strong></span> <span class='ocrx_word' id='word_1_232' title='bbox 342 3353 414 3420; x_wconf 89' lang='lat' dir='ltr'><strong>loco</strong></span> <span class='ocrx_word' id='word_1_233' title='bbox 437 3355 615 3436; x_wconf 88' lang='lat' dir='ltr'><strong>naturalis,</strong></span> <span class='ocrx_word' id='word_1_234' title='bbox 640 3355 693 3422; x_wconf 90' lang='lat' dir='ltr'><strong>vel</strong></span> <span class='ocrx_word' id='word_1_235' title='bbox 729 3357 818 3422; x_wconf 91' lang='lat' dir='ltr'><strong>sicut</strong></span> <span class='ocrx_word' id='word_1_236' title='bbox 846 3355 1015 3422; x_wconf 72' lang='lat' dir='ltr'><strong>‘naturalis</strong></span> <span class='ocrx_word' id='word_1_237' title='bbox 1038 3355 1165 3420; x_wconf 88' lang='lat' dir='ltr'><strong>transit</strong></span> <span class='ocrx_word' id='word_1_238' title='bbox 1186 3356 1219 3419; x_wconf 93' lang='lat' dir='ltr'><strong>iu</strong></span> <span class='ocrx_word' id='word_1_239' title='bbox 1243 3358 1390 3442; x_wconf 89' lang='lat' dir='ltr'><strong>potesta·</strong></span> 
     </span>
     <span class='ocr_line' id='line_1_33' title="bbox 134 3440 1390 3530; baseline -0.002 -21"><span class='ocrx_word' id='word_1_240' title='bbox 134 3449 202 3509; x_wconf 90' lang='lat' dir='ltr'><strong>tem</strong></span> <span class='ocrx_word' id='word_1_241' title='bbox 228 3441 432 3529; x_wconf 87' lang='lat' dir='ltr'><strong>adoptantis,</strong></span> <span class='ocrx_word' id='word_1_242' title='bbox 457 3449 492 3508; x_wconf 90' lang='lat' dir='ltr'><strong>et</strong></span> <span class='ocrx_word' id='word_1_243' title='bbox 515 3442 600 3509; x_wconf 88' lang='lat' dir='ltr'><strong>alias</strong></span> <span class='ocrx_word' id='word_1_244' title='bbox 632 3446 802 3530; x_wconf 86' lang='lat' dir='ltr'><strong>arrogatio</strong></span> <span class='ocrx_word' id='word_1_245' title='bbox 834 3442 981 3527; x_wconf 88' lang='lat' dir='ltr'><strong>dicitur;</strong></span> <span class='ocrx_word' id='word_1_246' title='bbox 1016 3442 1240 3528; x_wconf 88' lang='lat' dir='ltr'><strong>distinguitur</strong></span> <span class='ocrx_word' id='word_1_247' title='bbox 1262 3441 1303 3508; x_wconf 90' lang='lat' dir='ltr'><strong>ab</strong></span> <span class='ocrx_word' id='word_1_248' title='bbox 1327 3440 1390 3506; x_wconf 90' lang='lat' dir='ltr'><strong>hac</strong></span> 
     </span>
     <span class='ocr_line' id='line_1_34' title="bbox 135 3530 1389 3620; baseline -0.004 -24"><span class='ocrx_word' id='word_1_249' title='bbox 135 3530 273 3619; x_wconf 89' lang='lat' dir='ltr'><strong>adoptio</strong></span> <span class='ocrx_word' id='word_1_250' title='bbox 318 3532 520 3618; x_wconf 82' lang='lat' dir='ltr'><strong>imperfecta,</strong></span> <span class='ocrx_word' id='word_1_251' title='bbox 560 3530 637 3596; x_wconf 91' lang='lat' dir='ltr'><strong>dum</strong></span> <span class='ocrx_word' id='word_1_252' title='bbox 672 3531 854 3620; x_wconf 87' lang='lat' dir='ltr'><strong>adoptatus</strong></span> <span class='ocrx_word' id='word_1_253' title='bbox 888 3553 953 3597; x_wconf 90' lang='lat' dir='ltr'><strong>non</strong></span> <span class='ocrx_word' id='word_1_254' title='bbox 978 3533 1103 3597; x_wconf 88' lang='lat' dir='ltr'><strong>transit</strong></span> <span class='ocrx_word' id='word_1_255' title='bbox 1127 3531 1162 3595; x_wconf 92' lang='lat' dir='ltr'><strong>in</strong></span> <span class='ocrx_word' id='word_1_256' title='bbox 1185 3535 1389 3618; x_wconf 88' lang='lat' dir='ltr'><strong>potestatem</strong></span> 
     </span>
     <span class='ocr_line' id='line_1_35' title="bbox 136 3615 1390 3707; baseline -0.005 -22"><span class='ocrx_word' id='word_1_257' title='bbox 136 3617 342 3707; x_wconf 87' lang='lat' dir='ltr'><strong>adoptantis,</strong></span> <span class='ocrx_word' id='word_1_258' title='bbox 365 3618 440 3684; x_wconf 91' lang='lat' dir='ltr'><strong>ideo</strong></span> <span class='ocrx_word' id='word_1_259' title='bbox 463 3619 627 3706; x_wconf 85' lang='lat' dir='ltr'><strong>posterior</strong></span> <span class='ocrx_word' id='word_1_260' title='bbox 658 3618 794 3707; x_wconf 91' lang='lat' dir='ltr'><strong>adoptio</strong></span> <span class='ocrx_word' id='word_1_261' title='bbox 831 3643 897 3686; x_wconf 92' lang='lat' dir='ltr'><strong>non</strong></span> <span class='ocrx_word' id='word_1_262' title='bbox 926 3624 978 3685; x_wconf 89' lang='lat' dir='ltr'><strong>est</strong></span> <span class='ocrx_word' id='word_1_263' title='bbox 1015 3617 1287 3706; x_wconf 86' lang='lat' dir='ltr'><strong>impedimentum</strong></span> <span class='ocrx_word' id='word_1_264' title='bbox 1311 3615 1390 3680; x_wconf 89' lang='lat' dir='ltr'><strong>diri·</strong></span> 
     </span>
     <span class='ocr_line' id='line_1_36' title="bbox 136 3705 1389 3795; baseline -0.003 -22"><span class='ocrx_word' id='word_1_265' title='bbox 136 3729 227 3775; x_wconf 86' lang='lat' dir='ltr'><strong>meus</strong></span> <span class='ocrx_word' id='word_1_266' title='bbox 274 3706 520 3795; x_wconf 86' lang='lat' dir='ltr'><strong>matrimonii.¹)</strong></span> <span class='ocrx_word' id='word_1_267' title='bbox 568 3706 847 3795; x_wconf 87' lang='lat' dir='ltr'><strong>Impedimentum</strong></span> <span class='ocrx_word' id='word_1_268' title='bbox 893 3707 964 3786; x_wconf 90' lang='lat' dir='ltr'><strong>hoc,</strong></span> <span class='ocrx_word' id='word_1_269' title='bbox 991 3706 1090 3791; x_wconf 85' lang='lat' dir='ltr'><strong>juxta</strong></span> <span class='ocrx_word' id='word_1_270' title='bbox 1125 3705 1389 3771; x_wconf 89' lang='lat' dir='ltr'><strong>declarationem</strong></span> 
     </span>
     <span class='ocr_line' id='line_1_37' title="bbox 136 3791 1392 3884; baseline -0.005 -21"><span class='ocrx_word' id='word_1_271' title='bbox 136 3794 267 3863; x_wconf 81' lang='lat' dir='ltr'><strong>Nicolai</strong></span> <span class='ocrx_word' id='word_1_272' title='bbox 293 3791 339 3860; x_wconf 85' lang='lat' dir='ltr'><strong>1·i</strong></span> <span class='ocrx_word' id='word_1_273' title='bbox 362 3792 536 3861; x_wconf 86' lang='lat' dir='ltr'><strong>Pontificis</strong></span> <span class='ocrx_word' id='word_1_274' title='bbox 559 3795 609 3882; x_wconf 89' lang='lat' dir='ltr'><strong>(in</strong></span> <span class='ocrx_word' id='word_1_275' title='bbox 631 3815 780 3884; x_wconf 87' lang='lat' dir='ltr'><strong>respons.</strong></span> <span class='ocrx_word' id='word_1_276' title='bbox 804 3795 857 3862; x_wconf 90' lang='lat' dir='ltr'><strong>ad.</strong></span> <span class='ocrx_word' id='word_1_277' title='bbox 890 3797 1032 3863; x_wconf 87' lang='lat' dir='ltr'><strong>consult.</strong></span> <span class='ocrx_word' id='word_1_278' title='bbox 1057 3794 1195 3880; x_wconf 88' lang='lat' dir='ltr'><strong>Bulgar.</strong></span> <span class='ocrx_word' id='word_1_279' title='bbox 1210 3793 1247 3861; x_wconf 87' lang='lat' dir='ltr'><strong>C.</strong></span> <span class='ocrx_word' id='word_1_280' title='bbox 1271 3792 1317 3878; x_wconf 75' lang='lat'><strong>2.)</strong></span> <span class='ocrx_word' id='word_1_281' title='bbox 1338 3796 1392 3858; x_wconf 84' lang='lat' dir='ltr'><strong>est</strong></span> 
     </span>
     <span class='ocr_line' id='line_1_38' title="bbox 136 3880 1391 3972; baseline -0.004 -23"><span class='ocrx_word' id='word_1_282' title='bbox 136 3882 317 3952; x_wconf 84' lang='lat' dir='ltr'><strong>secundum</strong></span> <span class='ocrx_word' id='word_1_283' title='bbox 349 3882 554 3972; x_wconf 84' lang='lat' dir='ltr'><strong>complexum</strong></span> <span class='ocrx_word' id='word_1_284' title='bbox 588 3884 700 3971; x_wconf 89' lang='lat' dir='ltr'><strong>legum</strong></span> <span class='ocrx_word' id='word_1_285' title='bbox 735 3882 884 3951; x_wconf 87' lang='lat' dir='ltr'><strong>civilium</strong></span> <span class='ocrx_word' id='word_1_286' title='bbox 918 3881 1167 3962; x_wconf 88' lang='lat' dir='ltr'><strong>dimetiendum,</strong></span> <span class='ocrx_word' id='word_1_287' title='bbox 1202 3880 1243 3950; x_wconf 92' lang='lat' dir='ltr'><strong>dc</strong></span> <span class='ocrx_word' id='word_1_288' title='bbox 1267 3901 1332 3966; x_wconf 90' lang='lat' dir='ltr'><strong>quo</strong></span> <span class='ocrx_word' id='word_1_289' title='bbox 1355 3880 1391 3946; x_wconf 93' lang='lat' dir='ltr'><strong>in</strong></span> 
     </span>
     <span class='ocr_line' id='line_1_39' title="bbox 135 3969 1149 4074; baseline -0.003 -36"><span class='ocrx_word' id='word_1_290' title='bbox 135 3971 278 4040; x_wconf 84' lang='lat' dir='ltr'><strong>Austris</strong></span> <span class='ocrx_word' id='word_1_291' title='bbox 301 3970 540 4038; x_wconf 87' lang='lat' dir='ltr'><strong>Instructionis</strong></span> <span class='ocrx_word' id='word_1_292' title='bbox 563 3974 589 4060; x_wconf 64' lang='grc' dir='ltr'><strong>ἓ.</strong></span> <span class='ocrx_word' id='word_1_293' title='bbox 614 3972 666 4040; x_wconf 81' lang='lat'><strong>28.</strong></span> <span class='ocrx_word' id='word_1_294' title='bbox 692 3972 891 4062; x_wconf 88' lang='lat' dir='ltr'><strong>praescribit</strong></span> <span class='ocrx_word' id='word_1_295' title='bbox 914 3978 954 4038; x_wconf 88' lang='lat' dir='ltr'><strong>ut</strong></span> <span class='ocrx_word' id='word_1_296' title='bbox 977 3969 1149 4074; x_wconf 80' lang='lat' dir='ltr'><strong>seqnitur:</strong></span> 
     </span>
    </p>

    <p class='ocr_par' dir='ltr' id='par_1_13' title="bbox 136 4054 1394 4417">
     <span class='ocr_line' id='line_1_40' title="bbox 231 4054 1392 4148; baseline -0.005 -22"><span class='ocrx_word' id='word_1_297' title='bbox 231 4057 392 4147; x_wconf 90' lang='lat' dir='ltr'><strong>Adoptio,</strong></span> <span class='ocrx_word' id='word_1_298' title='bbox 430 4059 539 4148; x_wconf 84' lang='lat' dir='ltr'><strong>qualis</strong></span> <span class='ocrx_word' id='word_1_299' title='bbox 574 4060 792 4147; x_wconf 90' lang='lat' dir='ltr'><strong>arrogationi,</strong></span> <span class='ocrx_word' id='word_1_300' title='bbox 828 4082 888 4128; x_wconf 91' lang='lat' dir='ltr'><strong>seu</strong></span> <span class='ocrx_word' id='word_1_301' title='bbox 919 4058 1093 4148; x_wconf 79' lang='lat' dir='ltr'><strong>adoptioni</strong></span> <span class='ocrx_word' id='word_1_302' title='bbox 1116 4056 1284 4146; x_wconf 82' lang='lat' dir='ltr'><strong>perfectae</strong></span> <span class='ocrx_word' id='word_1_303' title='bbox 1304 4054 1392 4142; x_wconf 90' lang='lat' dir='ltr'><strong>juris</strong></span> 
     </span>
     <span class='ocr_line' id='line_1_41' title="bbox 137 4145 1391 4237; baseline -0.004 -24"><span class='ocrx_word' id='word_1_304' title='bbox 137 4147 279 4214; x_wconf 87' lang='lat' dir='ltr'><strong>Romani</strong></span> <span class='ocrx_word' id='word_1_305' title='bbox 316 4146 425 4232; x_wconf 68' lang='lat' dir='ltr'><strong>qucum</strong></span> <span class='ocrx_word' id='word_1_306' title='bbox 459 4150 652 4216; x_wconf 87' lang='lat' dir='ltr'><strong>essentialia</strong></span> <span class='ocrx_word' id='word_1_307' title='bbox 686 4148 877 4237; x_wconf 85' lang='lat' dir='ltr'><strong>respondet,</strong></span> <span class='ocrx_word' id='word_1_308' title='bbox 902 4146 1083 4214; x_wconf 88' lang='lat' dir='ltr'><strong>secundum</strong></span> <span class='ocrx_word' id='word_1_309' title='bbox 1106 4167 1194 4213; x_wconf 90' lang='lat' dir='ltr'><strong>nunc</strong></span> <span class='ocrx_word' id='word_1_310' title='bbox 1218 4145 1391 4232; x_wconf 89' lang='lat' dir='ltr'><strong>vigentem</strong></span> 
     </span>
     <span class='ocr_line' id='line_1_42' title="bbox 136 4231 1392 4327; baseline -0.006 -24"><span class='ocrx_word' id='word_1_311' title='bbox 136 4233 307 4304; x_wconf 84' lang='lat' dir='ltr'><strong>Ecclesiae</strong></span> <span class='ocrx_word' id='word_1_312' title='bbox 330 4236 469 4324; x_wconf 87' lang='lat' dir='ltr'><strong>praxim,</strong></span> <span class='ocrx_word' id='word_1_313' title='bbox 493 4239 591 4304; x_wconf 90' lang='lat' dir='ltr'><strong>etiam</strong></span> <span class='ocrx_word' id='word_1_314' title='bbox 615 4244 793 4327; x_wconf 87' lang='lat' dir='ltr'><strong>postquam</strong></span> <span class='ocrx_word' id='word_1_315' title='bbox 816 4234 982 4304; x_wconf 90' lang='lat' dir='ltr'><strong>dissoluta</strong></span> <span class='ocrx_word' id='word_1_316' title='bbox 1004 4235 1117 4316; x_wconf 89' lang='lat' dir='ltr'><strong>fuerit,</strong></span> <span class='ocrx_word' id='word_1_317' title='bbox 1142 4231 1392 4301; x_wconf 90' lang='lat' dir='ltr'><strong>matrimonium</strong></span> 
     </span>
     <span class='ocr_line' id='line_1_43' title="bbox 138 4319 1394 4417; baseline -0.004 -27"><span class='ocrx_word' id='word_1_318' title='bbox 138 4321 266 4392; x_wconf 89' lang='lat' dir='ltr'><strong>dirimit</strong></span> <span class='ocrx_word' id='word_1_319' title='bbox 288 4325 379 4392; x_wconf 90' lang='lat' dir='ltr'><strong>inter</strong></span> <span class='ocrx_word' id='word_1_320' title='bbox 400 4323 615 4414; x_wconf 88' lang='lat' dir='ltr'><strong>adoptantem</strong></span> <span class='ocrx_word' id='word_1_321' title='bbox 639 4325 902 4417; x_wconf 88' lang='lat' dir='ltr'><strong>adoptatumque</strong></span> <span class='ocrx_word' id='word_1_322' title='bbox 938 4331 974 4393; x_wconf 87' lang='lat' dir='ltr'><strong>et</strong></span> <span class='ocrx_word' id='word_1_323' title='bbox 1007 4323 1049 4390; x_wconf 87' lang='lat' dir='ltr'><strong>ab</strong></span> <span class='ocrx_word' id='word_1_324' title='bbox 1072 4324 1235 4412; x_wconf 88' lang='lat' dir='ltr'><strong>adoptato</strong></span> <span class='ocrx_word' id='word_1_325' title='bbox 1259 4319 1394 4388; x_wconf 89' lang='lat' dir='ltr'><strong>descen·</strong></span> 
     </span>
    </p>
   </div>
   <div class='ocr_carea' id='block_1_6' title="bbox 138 4539 1396 4832">
    <p class='ocr_par' dir='ltr' id='par_1_14' title="bbox 138 4539 1396 4832">
     <span class='ocr_line' id='line_1_44' title="bbox 212 4539 1394 4672; baseline -0.007 -70"><span class='ocrx_word' id='word_1_326' title='bbox 212 4547 232 4617; x_wconf 89' lang='lat'><strong>¹)</strong></span> <span class='ocrx_word' id='word_1_327' title='bbox 253 4543 409 4602; x_wconf 78' lang='lat' dir='ltr'><strong>liutschlrer</strong></span> <span class='ocrx_word' id='word_1_328' title='bbox 427 4544 502 4602; x_wconf 81' lang='lat' dir='ltr'><strong>rom.</strong></span> <span class='ocrx_word' id='word_1_329' title='bbox 522 4545 547 4602; x_wconf 89' lang='lat'><strong>3.</strong></span> <span class='ocrx_word' id='word_1_330' title='bbox 567 4561 629 4672; x_wconf 62' lang='lat' dir='ltr'><strong>pap.</strong></span> <span class='ocrx_word' id='word_1_331' title='bbox 651 4545 712 4600; x_wconf 78' lang='lat'><strong>355.</strong></span> <span class='ocrx_word' id='word_1_332' title='bbox 735 4545 837 4601; x_wconf 89' lang='lat' dir='ltr'><strong>Bened.</strong></span> <span class='ocrx_word' id='word_1_333' title='bbox 856 4543 926 4601; x_wconf 85' lang='lat' dir='ltr'><strong>XlV.</strong></span> <span class='ocrx_word' id='word_1_334' title='bbox 948 4547 983 4601; x_wconf 93' lang='lat' dir='ltr'><strong>de</strong></span> <span class='ocrx_word' id='word_1_335' title='bbox 1001 4545 1068 4616; x_wconf 79' lang='lat' dir='ltr'><strong>Syn.</strong></span> <span class='ocrx_word' id='word_1_336' title='bbox 1088 4545 1119 4600; x_wconf 90' lang='lat' dir='ltr'><strong>D.</strong></span> <span class='ocrx_word' id='word_1_337' title='bbox 1138 4541 1235 4626; x_wconf 51' lang='lat' dir='ltr'><strong>Lam·</strong></span> <span class='ocrx_word' id='word_1_338' title='bbox 1257 4539 1285 4598; x_wconf 89' lang='lat' dir='ltr'><strong>C.</strong></span> <span class='ocrx_word' id='word_1_339' title='bbox 1305 4540 1349 4626; x_wconf 56' lang='lat'><strong>10.</strong></span> <span class='ocrx_word' id='word_1_340' title='bbox 1370 4539 1394 4594; x_wconf 93' lang='lat'><strong>1.</strong></span> 
     </span>
     <span class='ocr_line' id='line_1_45' title="bbox 138 4611 1396 4700; baseline -0.005 -26"><span class='ocrx_word' id='word_1_341' title='bbox 138 4619 162 4674; x_wconf 84' lang='lat'><strong>2.</strong></span> <span class='ocrx_word' id='word_1_342' title='bbox 180 4620 207 4676; x_wconf 81' lang='lat'><strong>4.</strong></span> <span class='ocrx_word' id='word_1_343' title='bbox 227 4631 255 4674; x_wconf 81' lang='lat' dir='ltr'><strong>er</strong></span> <span class='ocrx_word' id='word_1_344' title='bbox 277 4617 301 4672; x_wconf 79' lang='lat'><strong>5.</strong></span> <span class='ocrx_word' id='word_1_345' title='bbox 323 4617 454 4686; x_wconf 84' lang='lat' dir='ltr'><strong>Quaestio</strong></span> <span class='ocrx_word' id='word_1_346' title='bbox 474 4633 510 4671; x_wconf 88' lang='lat' dir='ltr'><strong>au</strong></span> <span class='ocrx_word' id='word_1_347' title='bbox 529 4633 564 4672; x_wconf 84' lang='lat' dir='ltr'><strong>ex</strong></span> <span class='ocrx_word' id='word_1_348' title='bbox 580 4633 597 4672; x_wconf 94' lang='lat' dir='ltr'><strong>a</strong></span> <span class='ocrx_word' id='word_1_349' title='bbox 617 4618 732 4700; x_wconf 90' lang='lat' dir='ltr'><strong>optione</strong></span> <span class='ocrx_word' id='word_1_350' title='bbox 756 4615 795 4672; x_wconf 92' lang='lat' dir='ltr'><strong>im</strong></span> <span class='ocrx_word' id='word_1_351' title='bbox 817 4619 919 4674; x_wconf 87' lang='lat' dir='ltr'><strong>erleota</strong></span> <span class='ocrx_word' id='word_1_352' title='bbox 946 4616 1052 4674; x_wconf 88' lang='lat' dir='ltr'><strong>oriatur</strong></span> <span class='ocrx_word' id='word_1_353' title='bbox 1070 4617 1210 4686; x_wconf 80' lang='lat' dir='ltr'><strong>cognatio,</strong></span> <span class='ocrx_word' id='word_1_354' title='bbox 1229 4613 1330 4684; x_wconf 79' lang='lat' dir='ltr'><strong>legalis</strong></span> <span class='ocrx_word' id='word_1_355' title='bbox 1348 4611 1396 4668; x_wconf 85' lang='lat' dir='ltr'><strong>ad·</strong></span> 
     </span>
     <span class='ocr_line' id='line_1_46' title="bbox 139 4688 1395 4758; baseline -0.005 -12"><span class='ocrx_word' id='word_1_356' title='bbox 139 4691 190 4747; x_wconf 89' lang='lat' dir='ltr'><strong>huc</strong></span> <span class='ocrx_word' id='word_1_357' title='bbox 209 4689 326 4746; x_wconf 86' lang='lat' dir='ltr'><strong>definita</strong></span> <span class='ocrx_word' id='word_1_358' title='bbox 344 4706 400 4746; x_wconf 91' lang='lat' dir='ltr'><strong>non</strong></span> <span class='ocrx_word' id='word_1_359' title='bbox 420 4693 470 4756; x_wconf 88' lang='lat' dir='ltr'><strong>est,</strong></span> <span class='ocrx_word' id='word_1_360' title='bbox 489 4689 553 4744; x_wconf 90' lang='lat' dir='ltr'><strong>ideo</strong></span> <span class='ocrx_word' id='word_1_361' title='bbox 572 4694 673 4745; x_wconf 88' lang='lat' dir='ltr'><strong>mento</strong></span> <span class='ocrx_word' id='word_1_362' title='bbox 693 4689 792 4746; x_wconf 87' lang='lat' dir='ltr'><strong>conclu</strong></span> <span class='ocrx_word' id='word_1_363' title='bbox 814 4689 833 4746; x_wconf 90' lang='lat' dir='ltr'><strong>&#39;t</strong></span> <span class='ocrx_word' id='word_1_364' title='bbox 858 4689 988 4757; x_wconf 86' lang='lat' dir='ltr'><strong>Bouvier,</strong></span> <span class='ocrx_word' id='word_1_365' title='bbox 1017 4703 1085 4744; x_wconf 88' lang='lat' dir='ltr'><strong>casu</strong></span> <span class='ocrx_word' id='word_1_366' title='bbox 1111 4688 1280 4746; x_wconf 83' lang='lat' dir='ltr'><strong>adveniente</strong></span> <span class='ocrx_word' id='word_1_367' title='bbox 1299 4689 1395 4758; x_wconf 89' lang='lat' dir='ltr'><strong>peten-</strong></span> 
     </span>
     <span class='ocr_line' id='line_1_47' title="bbox 139 4760 764 4832; baseline -0.005 -13"><span class='ocrx_word' id='word_1_368' title='bbox 139 4763 200 4819; x_wconf 84' lang='lat' dir='ltr'><strong>dam</strong></span> <span class='ocrx_word' id='word_1_369' title='bbox 221 4777 287 4818; x_wconf 87' lang='lat' dir='ltr'><strong>esse</strong></span> <span class='ocrx_word' id='word_1_370' title='bbox 306 4760 543 4832; x_wconf 83' lang='lat' dir='ltr'><strong>dispensationem</strong></span> <span class='ocrx_word' id='word_1_371' title='bbox 563 4762 598 4816; x_wconf 86' lang='lat' dir='ltr'><strong>ad</strong></span> <span class='ocrx_word' id='word_1_372' title='bbox 618 4761 764 4816; x_wconf 86' lang='lat' dir='ltr'><strong>cautelam.</strong></span> 
     </span>
    </p>
   </div>
   <div class='ocr_carea' id='block_1_7' title="bbox 0 0 1729 5358">
    <p class='ocr_par' dir='ltr' id='par_1_15' title="bbox 0 0 1729 5358">
     <span class='ocr_line' id='line_1_48' title="bbox 0 0 1729 5358; baseline 0 0"><span class='ocrx_word' id='word_1_373' title='bbox 0 0 1729 5358; x_wconf 95' lang='lat' dir='ltr'><strong> </strong></span> 
     </span>
    </p>
   </div>
  </div>
 </body>
</html>
