3420 5358
696 365 900 472 Q-
962 379 965 384 A

334 685 369 778 ἓ.
397 682 465 762 57.
493 682 556 762 De
584 679 723 762 Canta
749 617 970 759 Ecclesiae
1006 673 1255 756 Orientalis.

266 825 318 892 Ea
341 833 393 894 est
415 827 602 914 proprietas
626 824 798 892 Ecclesiae
820 821 1012 903 Orientalis,
1036 826 1074 887 ut
1105 819 1247 887 Cautum
1292 818 1416 884 instru-

171 915 349 980 mentalem
371 916 407 980 in
430 914 581 982 Ecclesia
604 936 669 979 non
692 911 873 995 admittat,
897 911 1024 978 Cantus
1046 909 1083 975 in
1105 906 1257 975 Ecclesia
1302 905 1416 972 Orien-

170 1001 233 1068 tali
256 1002 291 1068 in
315 1002 431 1089 regula
455 1001 633 1068 melodicus
658 1009 718 1082 est,
744 1007 778 1067 et
800 999 971 1078 unisonus,
995 1004 1035 1064 ut
1058 995 1189 1082 singula
1214 994 1315 1062 verba
1352 992 1416 1060 cla·

170 1088 241 1156 rius
263 1089 512 1176 intelligantur,
537 1097 571 1156 et
595 1110 707 1156 eorum
730 1110 847 1154 sensus
870 1089 912 1154 ab
935 1085 1143 1154 auditoribus
1155 1088 1361 1171 assequatur,
1377 1086 1417 1146 ut

171 1177 248 1243 dum
272 1178 467 1244 intellectus
490 1200 589 1244 sensu
613 1181 730 1244 cantus
754 1183 943 1264 occupatur,
968 1172 1110 1240 melodia
1134 1171 1263 1237 animus
1286 1168 1329 1235 ad
1352 1168 1416 1254 pie·

171 1271 275 1331 tatem
301 1267 476 1332 excitetur.
499 1265 566 1332 Per
600 1263 827 1353 exceptionem
871 1263 1021 1332 Eutheni
1067 1265 1201 1327 cantum
1244 1258 1415 1358 proprium

171 1352 397 1420 harmonicum
421 1353 555 1433 habent,
579 1353 671 1419 etin
695 1359 791 1439 parte
815 1352 916 1418 etiam
944 1348 1127 1438 figuralem,
1173 1368 1270 1434 quem
1314 1352 1416 1412 et1am

172 1440 316 1508 Russica
341 1441 491 1521 Ecclesia
514 1440 699 1529 adoptavit.

655 1655 803 1767 airu
848 1657 900 1766 ιι.

409 1819 504 1893 DE
558 1815 1185 1894 SAORAMENTIS.

466 2103 469 2113 ¹
590 2013 626 2108 ξ.
655 2010 723 2091 58.
768 2010 993 2114 Pnologus.

263 2153 316 2220 De
340 2153 564 2221 Sacramentis
588 2156 657 2224 late
680 2156 851 2222 disserunt
873 2154 1060 2240 Theologi;
1093 2154 1293 2223 Canonistae
1337 2171 1418 2218 vero

171 2244 388 2310 communiter
409 2264 448 2308 ea
471 2250 605 2309 tantum
628 2245 779 2324 tradunt,
803 2265 887 2328 quae
910 2244 964 2310 vel
988 2243 1185 2311 canonicam
1198 2238 1416 2328 disciplinam,

171 2329 223 2396 vel
246 2335 419 2397 externam
442 2337 597 2419 spectant
618 2332 781 2398 rationem
795 2331 1051 2398 administrandi
1063 2331 1287 2398 Sacramenta.
1298 2326 1418 2411 Quam-

171 2419 280 2485 obrem
303 2440 365 2506 pro
387 2425 503 2484 nostro
526 2418 685 2486 instituto
709 2419 858 2487 breviter
879 2441 1062 2507 proponere
1081 2417 1286 2485 intendimus
1308 2436 1348 2480 ae
1370 2413 1417 2478 di-

171 2515 301 2573 scutere
324 2504 543 2592 disciplinam,
567 2529 665 2592 quam
688 2507 885 2594 praesertim
923 2507 981 2575 SS.
1028 2507 1186 2587 Oenones,
1233 2501 1418 2594 Synodalia

171 2595 322 2674 Decreta,
347 2615 386 2659 ac
408 2593 561 2662 Ritnalia
583 2596 619 2660 in
642 2617 755 2662 eorum
778 2595 1073 2663 administratione
1095 2593 1291 2661 servandam
1323 2611 1416 2680 prae·

172 2683 331 2752 scribunt.

220 2861 255 2954 ξ.
285 2857 353 2939 59.
382 2859 446 2938 De
473 2858 749 2942 Sacramenta
772 2855 1011 2964 Baptismi,
1044 2860 1228 2942 Materia
1255 2857 1364 2964 ejus.

264 3003 410 3070 Materia
432 3003 598 3092 Baptismi
621 3027 660 3071 ex
682 3006 897 3073 institutione
921 3006 1047 3074 Christi
1079 3012 1132 3072 est
1154 3029 1240 3095 aqna
1284 3010 1418 3072 natura·

172 3095 232 3178 lie;
255 3091 437 3158 adhibetur
458 3099 570 3159 autem
594 3104 771 3178 aquatam
793 3117 924 3181 graeco,
949 3117 1046 3180 quam
1071 3094 1178 3161 latino
1201 3095 1273 3161 ritu
1296 3092 1336 3159 de
1369 3114 1418 3158 re·
1481 3157 1485 3166 ,

171 3182 250 3267 gula
272 3179 466 3265 benedicta;
490 3202 574 3267 quae
597 3181 783 3250 benedictio
806 3204 911 3266 aquae
931 3182 1020 3270 apud
1043 3182 1188 3250 Graecos
1210 3181 1248 3248 fit
1273 3181 1308 3247 in
1323 3179 1419 3264 Vigi-

171 3269 215 3335 lia
255 3275 291 3334 et
313 3268 398 3334 festo
420 3267 636 3356 Epiphaniae.
662 3269 784 3337 Valida
808 3277 920 3337 autem
944 3275 996 3336 est
1020 3271 1160 3336 materia
1183 3291 1269 3359 aqua
1314 3269 1416 3336 etiam

170 3380 233 3424 non
256 3355 441 3423 benedicta.

262 3443 373 3510 Juxta
395 3443 555 3512 Goarium
578 3444 740 3512 adhibent
764 3445 884 3513 Graeci
908 3443 1010 3511 etiam
1034 3465 1154 3532 aquam
1177 3443 1320 3511 calidam
1356 3443 1410 3509 vel

171 3531 315 3619 tepidam
338 3533 371 3597 in
393 3532 583 3620 Baptismo,
607 3537 803 3600 ut'constat
826 3557 867 3600 ex
890 3533 1022 3600 (lunone
1045 3532 1170 3618 synodi
1194 3530 1413 3621 provincialis

171 3623 228 3686 sub
252 3619 419 3688 Germano
442 3620 664 3686 Amathuntis
687 3622 972 3709 Archi-Episcopo
996 3619 1193 3702 celebratae,
1217 3623 1415 3705 quostatui·

177 3712 250 3773 tur:
278 3707 335 3789 ,In
360 3729 446 3794 aqua
468 3708 594 3796 frigida
617 3709 787 3798 baptizare
810 3733 874 3776 non
899 3713 1041 3797 oportet,
1064 3708 1123 3774 sed
1146 3709 1180 3774 in
1209 3708 1326 3790 calida,
1351 3731 1416 3774 ma-

173 3795 353 3862 nifestante
377 3817 494 3885 nempe
516 3796 624 3864 calida
647 3820 733 3882 aqua
755 3799 921 3886 Baptismi
944 3797 1128 3882 fervorem;
1152 3797 1181 3862 si
1215 3801 1327 3862 autem
1361 3819 1418 3864 ne·

173 3883 306 3951 cessitas
328 3893 460 3970 urgeat,
484 3884 545 3949 fiat
568 3885 669 3950 etiam
689 3887 723 3951 in
747 3886 901 3972 frigida‘
930 3885 996 3967 Qui
1020 3885 1070 3950 ita
1094 3889 1201 3972 agunt
1217 3884 1414 3972 reprehendi

173 3971 299 4058 quidem
324 3994 389 4036 non
412 3979 577 4060 possunt;
601 3976 628 4038 si
652 3982 764 4041 autem
787 3973 861 4061 quis
885 3975 1001 4040 credet
1023 3995 1142 4060 aquam
1174 3972 1314 4039 calidam
1340 3973 1416 4040 ube·

172 4059 287 4127 riorem
310 4060 455 4145 gratiam
480 4060 639 4141 conferre,
664 4070 724 4128 aut
748 4085 814 4129 non
836 4069 927 4130 recte
949 4083 1035 4152 aqua
1058 4060 1183 4148 frigida
1206 4061 1415 4148 Baptismum

173 4147 405 4229 administrari,
430 4148 626 4236 superstitio
658 4157 719 4217 est.

219 4325 252 4423 ὅ.
282 4325 349 4408 60.
377 4326 441 4406 De
468 4327 591 4407 Modo
620 4325 862 4408 adhibendi
882 4325 1110 4408 Materiam
1136 4262 1361 4432 Baptismi.

262 4470 381 4555 Quoad
404 4471 535 4538 modum
558 4472 736 4539 adhibendi
759 4474 930 4538 materiam
952 4472 1119 4560 Baptismi
1143 4473 1257 4540 divina
1279 4472 1414 4539 institu-

173 4557 218 4624 tio
235 4581 390 4648 expressa
413 4559 506 4625 nulla
529 4561 664 4645 existit;
689 4560 838 4649 proinde,
877 4581 1069 4648 quoeunque
1115 4561 1222 4628 modo'
1256 4559 1414 4629 abluatur

174 4641 263 4713 homo
287 4648 320 4712 in
346 4648 530 4736 Baptismo,
554 4654 589 4716 et
612 4671 688 4714 num
713 4647 824 4730 semel,
848 4655 901 4716 vel
924 4647 1051 4736 pluries
1074 4648 1242 4730 abluatur,
1279 4647 1411 4718 validus

176 4739 223 4800 est
243 4735 447 4824 Baptismus.
472 4734 728 4804 Ecclesiasticus
751 4743 864 4803 tamen
887 4736 1145 4806 constitutiones
1168 4741 1313 4818 exstant,
1337 4737 1409 4824 qui·
