3420 5358
906 509 971 576 276

834 604 1039 616 a-—a———v--n

310 751 437 818 cunque
460 729 593 816 publica
616 729 650 792 in
675 726 860 794 dieavitae
883 731 1045 816 assumpti
1061 732 1152 807 sunt,
1167 727 1368 794 domicilium
1393 749 1556 794 verumeo

309 817 434 882 habent
457 817 492 881 in
515 815 596 894 loco,
621 815 677 879 ubi
700 814 742 878 ad
766 816 911 880 muneris
934 816 1131 901 servitiique
1154 817 1207 882 sui
1231 815 1390 882 ordinarii
1436 822 1554 904 partes

309 903 491 993 explenda·
515 903 681 968 habitant.
706 900 848 984 Quando
871 903 939 970 alio
961 903 997 970 in
1020 903 1092 970 loco
1115 903 1158 970 ad
1181 902 1482 970 extraordinarium
1505 902 1557 969 de·

307 999 472 1082 putantur
495 991 723 1069 ministerium,
748 989 835 1077 quod
858 1013 918 1079 pro
940 1013 1002 1058 sua
1025 998 1147 1058 natura
1185 991 1369 1078 longiorem
1407 989 1560 1079 postulat

308 1084 447 1160 moram,'
467 1079 510 1145 ibi
535 1077 631 1167 quasi
654 1077 856 1145 domicilium
881 1081 1068 1168 acquirunt.

405 1195 433 1276 ᾖ.
457 1189 510 1256 43.
536 1188 601 1271 tlui
625 1187 769 1254 hominis
792 1187 928 1275 privati,
952 1188 1125 1256 societatis
1148 1193 1208 1255 aut
1219 1186 1372 1255 instituti
1385 1187 1558 1278 cujusdam

309 1277 459 1346 servitiis
483 1300 518 1344 se
540 1275 718 1363 mancipat,
743 1277 836 1364 quasi
861 1277 1065 1344 domicilium
1088 1276 1232 1366 acquirit
1272 1279 1306 1344 in
1330 1276 1412 1358 loco,
1437 1277 1496 1343 ubi
1519 1276 1562 1343 ad

309 1365 448 1434 servitia
472 1365 590 1430 haecce
613 1365 815 1452 praestanda
841 1364 984 1431 habitat.
1007 1364 1109 1431 Haud
1132 1388 1171 1432 ea
1193 1371 1305 1431 tamen
1329 1363 1400 1431 sint
1417 1369 1560 1454 oportet,

309 1475 393 1543 quae
416 1453 607 1520 continuam
632 1451 851 1519 habitationis
874 1452 1094 1519 mutationem
1117 1453 1275 1519 inferant.
1299 1453 1416 1540 Neque
1429 1455 1560 1519 ratione

309 1540 536 1621 servitiorum,
561 1561 699 1628 quorum
723 1539 798 1624 quie
821 1547 938 1608 tenore
961 1542 1077 1607 herum
1100 1541 1210 1628 quoad
1246 1539 1469 1607 habitationis
1493 1562 1560 1606 mu·

309 1631 470 1696 tationem
495 1628 653 1698 inferant.
677 1627 793 1716 Neque
816 1629 946 1696 ratione
970 1628 1196 1711 servitiorum,
1230 1650 1369 1717 quorum
1415 1628 1491 1720 quis
1515 1634 1562 1694 te-

308 1739 388 1784 nore
411 1717 527 1782 herum
550 1716 659 1804 quoad
681 1716 922 1783 habitationem
947 1717 1042 1802 sequi
1066 1716 1174 1798 debet,
1199 1717 1280 1798 loca,
1304 1737 1368 1802 quo
1382 1717 1483 1784 herus
1508 1715 1562 1783 do·

308 1805 468 1872 micilium
490 1803 691 1887 nonhabet,
716 1801 918 1870 domicilium
943 1803 1070 1893 acquiri
1094 1811 1216 1893 potest.

404 1915 432 2002 ᾗ.
455 1913 507 1980 44.
532 1912 628 1992 Casu,
653 1935 717 1997 quo
741 1915 814 2002 quis
838 1921 933 1980 extra
957 1913 1065 1982 locum
1089 1914 1249 1982 domicilii
1275 1912 1345 1980 veri
1368 1912 1560 1979 inaliisad

308 2001 374 2069 huc
395 2001 563 2090 parochiis
586 2001 702 2068 domus
725 2004 797 2088 ejus
820 2004 935 2068 usibus
959 2002 1147 2077 destinatas
1169 2002 1420 2090 instructasque
1454 2001 1563 2091 possi-

310 2091 397 2170 deal,
421 2091 456 2157 in
479 2089 539 2155 illo
563 2096 695 2155 tantum
718 2091 834 2156 horum
858 2090 1004 2158 locorum
1027 2095 1121 2179 quasi
1145 2089 1349 2159 domicilium
1373 2089 1560 2170 habetati

309 2178 362 2245 vel
387 2178 505 2264 quovis
527 2199 613 2242 anno
636 2201 696 2266 per
718 2177 865 2244 notabile
888 2184 1019 2267 tempus
1042 2180 1332 2246 commorationem
1356 2175 1469 2258 babet,
1506 2177 1563 2244 vel

308 2273 465 2352 tempore,
490 2288 554 2350 quo
577 2265 686 2331 locum
709 2288 774 2353 qua
798 2265 997 2334 domicilium
1022 2267 1153 2349 asserit,
1177 2289 1237 2354 per
1259 2288 1318 2333 sex
1340 2266 1559 2332 adminimum

308 2355 513 2444 septimanas
537 2353 680 2420 habitat.

406 2470 513 2532 Nota:
538 2464 694 2532 Ceterum
716 2469 755 2530 ut
778 2464 852 2549 quis
865 2465 1028 2533 inoffenso
1050 2465 1133 2554 pede
1146 2464 1329 2552 dijudicare
1338 2463 1448 2552 possit
1462 2486 1559 2549 quae·

308 2575 384 2620 nam
409 2553 614 2619 conditiones
637 2553 853 2640 requirantur
877 2553 1014 2640 exlege
1038 2553 1206 2633 canonica,
1229 2553 1271 2618 ad
1294 2553 1357 2619 hoo
1401 2560 1443 2618 ut
1488 2552 1564 2640 quis

309 2634 404 2726 qu'asi
428 2640 630 2708 domicilium
653 2641 775 2707 habere
799 2640 931 2708 dicatur
954 2642 1061 2708 relate
1084 2641 1126 2707 ad
1149 2641 1397 2708 matrimonium
1432 2652 1564 2708 contra·

307 2729 468 2812 hendum;
492 2728 645 2796 consulat
669 2728 803 2795 litteras
826 2730 1038 2818 apostolicas.
1051 2729 1254 2820 Benedictus
1277 2727 1373 2798 XIV.
1388 2728 1565 2796 -Pauois

308 2817 350 2883 ab
374 2817 451 2882 hinc
475 2817 747 2883 hebdomadibus.
774 2855 812 2865 -

404 2929 432 3010 ᾗ.
456 2925 508 2992 45.
533 2926 668 3007 Eorum,
693 2926 879 3013 quinoque
903 2948 1028 3007 verum,
1064 2948 1169 3010 neque
1214 2919 1310 3013 quasi
1355 2925 1566 2994 domicilium

306 3013 442 3095 habent,
468 3015 632 3102 parochus
657 3013 810 3102 proprius
834 3015 863 3079 ia
887 3021 949 3094 est,
973 3014 1007 3079 in
1022 3013 1116 3101 cujus
1130 3014 1285 3102 parochia
1302 3022 1563 3082 commorantur.

404 3129 432 3208 ξ.
456 3125 509 3190 46.
533 3125 695 3214 Proprius
717 3145 933 3213 personarum
959 3125 1000 3190 ad
1015 3124 1170 3190 militiam
1184 3145 1305 3211 vagam
1317 3127 1564 3215 pertinentium

308 3213 479 3279 Paroohus
503 3231 555 3280 est
578 3214 778 3302 Capellanus
801 3222 836 3280 et
858 3212 1046 3301 respective
1070 3213 1222 3302 superior
1257 3215 1439 3280 castrensis
1460 3215 1565 3300 juxta

309 3309 455 3367 tenorem
481 3301 681 3369 facultatum
705 3324 723 3367 a
747 3303 863 3372 sancta
886 3301 973 3368 Sede
1019 3323 1256 3367 concessarum.
1304 3301 1370 3384 Qui
1418 3301 1565 3370 militiae

308 3388 422 3456 stabili
446 3397 717 3472 annumerantur,
741 3389 920 3479 parochum
946 3389 1106 3455 domicilii
1129 3387 1252 3455 adeant
1275 3396 1419 3480 oportet.

404 3503 431 3583 ξ.
455 3499 507 3565 47.
533 3500 630 3582 Quod
654 3501 790 3568 licentia
814 3499 1024 3566 matrimonio
1048 3500 1230 3568 assistendi
1252 3502 1293 3567 ab
1317 3523 1365 3582 ec,
1399 3502 1452 3566 cui
1478 3525 1567 3568 com·

308 3589 394 3675 petit
418 3591 459 3672 (ἕ.
484 3588 550 3674 38.)
574 3589 678 3655 tacite
701 3589 825 3655 collata
848 3588 903 3669 sit,
928 3588 1072 3654 foederis
1096 3588 1282 3676 conjugalis
1313 3589 1423 3672 'valeri
1471 3589 1566 3658 haud

309 3677 420 3762 obest;
446 3681 594 3743 attamen
618 3678 741 3765 absque
763 3677 1000 3763 urgentissima
1023 3674 1166 3764 quadam
1190 3678 1391 3744 necessitate
1426 3679 1567 3764 copula·

308 3767 430 3830 tionem
455 3787 519 3830 non
542 3773 692 3852 peragat,
716 3765 769 3833 cui
793 3786 812 3830 a
835 3765 979 3852 parocho
1002 3765 1055 3830 vel
1080 3765 1121 3831 ab
1145 3765 1322 3833 Ordinario
1357 3765 1432 3853 ipso
1455 3765 1565 3834 facul-

308 3860 362 3918 tas
386 3875 540 3940 expresse
563 3853 654 3918 haud
677 3853 767 3920 facta
791 3853 846 3918 ait.
868 3851 1023 3920 Licentia
1036 3875 1123 3919 mere
1135 3860 1348 3942 praesumpta
1375 3876 1441 3918 non
1466 3855 1562 3920 suffi-

308 3941 377 4026 cit;
401 3963 506 4030 neque
526 3941 635 4028 juvat,
660 3941 747 4030 quod
766 3941 822 4028 jus
846 3939 1019 4026 delegandi
1044 3940 1169 4007 habens
1202 3941 1242 4008 de
1287 3964 1325 4008 ea
1371 3941 1563 4025 requisitus

308 4051 424 4184 qeabpse
469 4051 540 4095 eam
586 4051 801 4096 concessurus
845 4027 976 4110 fuisset,
1022 4034 1082 4094 aut
1104 4051 1173 4095 rem
1208 4028 1420 4117 postmodum
1445 4037 1563 4096 ratam

332 4122 440 4185 aeat.

404 4232 431 4312 ξ.
455 4227 507 4294 48.
533 4227 599 4310 Qui
622 4227 792 4294 licentiam
815 4225 1026 4292 matrimonio
1050 4226 1231 4294 assistendi
1253 4247 1314 4314 pro
1337 4225 1567 4295 universitate

308 4337 443 4382 casuum
467 4316 605 4404 accepit,
630 4338 702 4382 eam
725 4337 785 4402 pro
809 4313 951 4401 singulis
975 4314 1108 4382 casibus
1131 4315 1190 4382 alii
1229 4314 1401 4384 Sacerdoti
1446 4338 1566 4384 conce

308 4403 386 4471 dere
408 4410 530 4492 potest.
555 4403 621 4486 Qui
644 4404 811 4470 licentiam
835 4402 936 4470 istam
959 4425 1018 4490 pro
1042 4403 1173 4490 singulo
1196 4425 1273 4472 casu
1300 4404 1438 4490 accepit,
1484 4404 1566 4490 jure

309 4491 547 4579 subdelegandi
572 4497 673 4573 caret,
697 4491 762 4558 nisi
786 4513 941 4579 expresse
963 4491 1028 4578 ipsi
1052 4492 1211 4560 collatum
1243 4492 1299 4558 sit.

404 4607 432 4688 ᾗ.
456 4603 508 4669 49.
534 4601 675 4686 Quando
705 4623 744 4668 ex
778 4623 975 4690 quacunque
997 4600 1127 4667 ratione
1151 4600 1287 4668 dubium
1311 4604 1465 4688 emergat
1496 4604 1566 4669 cui-

309 4713 386 4758 nam
408 4691 592 4759 animarum
616 4691 762 4757 curatori
783 4693 839 4777 jus
858 4689 1069 4756 matrimonio
1092 4689 1272 4757 assistendi
1295 4697 1475 4778 competat,
1507 4713 1565 4758 rea

310 4779 353 4847 ad
374 4780 405 4847 E
428 4779 576 4871 iacopum
624 4776 972 4867 deserendumque
1008 4776 1129 4845 decisio
1158 4777 1214 4846 vel
1253 4776 1420 4847 ordinatio
1466 4799 1566 4871 expe-

309 4875 386 4940 ctan
413 4891 432 4936 a
455 4875 516 4940 est.
