3426 5368
869 352 956 454 „3²⁰
985 448 990 452 .

297 574 520 660 majoritatem
545 577 706 650 votorum,
731 570 784 636 vel
807 572 834 636 si
859 575 937 636 vota
971 573 1064 657 paria
1087 573 1176 650 sunt,
1206 570 1389 636 accessione
1414 589 1485 647 sua,
1511 573 1549 632 ct

298 661 428 751 quidem
450 660 507 725 ubi
530 658 570 725 de
595 659 725 725 viuculo
767 657 1000 724 matrimoniali
1031 661 1152 744 agitur,
1191 677 1320 744 semper
1347 676 1408 744 pro
1431 655 1548 722 valore

298 751 495 816 matrimonii
518 746 705 814 conclusum
729 745 969 812 enunciandum
994 745 1094 811 habet
1132 747 1172 832 (ᾖ.
1197 744 1263 831 99).
1288 743 1385 827 Quod
1409 747 1440 810 si
1461 743 1549 830 obje-

299 843 387 904 ctum
434 834 503 902 tale
526 839 576 915 sit,
608 841 648 900 nt
682 837 752 900 sive
796 833 935 900 Praeses
980 837 1050 900 sive
1096 833 1214 918 aliquis
1237 855 1255 900 e
1278 831 1482 901 consiliariis
1506 831 1550 896 ad

298 923 536 992 enunciandam
562 931 675 988 votum
699 943 795 987 suum
828 921 968 1007 longiori
999 920 1238 988 combinatione
1271 920 1431 1008 indigeat,
1457 924 1550 985 ante·

298 1036 394 1102 quam
442 1020 555 1078 votum
586 1032 682 1076 suum
724 1009 941 1096 depromeret,
966 1031 1004 1076 ac
1027 1008 1215 1076 conclusum
1239 1012 1273 1076 in
1296 1029 1396 1077 causa
1441 1006 1550 1088 fieret,

297 1105 410 1189 potest
432 1098 522 1166 Acta
546 1119 663 1165 causae
687 1119 760 1162 oum
794 1096 964 1162 elaborato
998 1095 1199 1178 Referentis,
1223 1104 1259 1162 st
1281 1097 1406 1162 vinculi
1426 1095 1550 1162 Defen-

298 1192 381 1255 soris
425 1210 485 1275 pro
530 1187 770 1253 combinatione
815 1189 978 1272 expetere.
1026 1184 1119 1273 (vid.
1149 1184 1344 1252 Kuischkar
1378 1183 1471 1264 Tam.
1506 1182 1550 1252 V.

298 1299 373 1364 pag.
397 1275 486 1363 514.)

295 1511 298 1517 .
374 1456 408 1549 ἕ.
444 1452 533 1534 192.
562 1452 852 1533 Protocollum
882 1451 1089 1532 sessionis
1117 1450 1371 1534 Tribunalis
1398 1475 1484 1534 ma·

784 1577 1059 1660 trimonialis.

395 1727 445 1793 De
470 1726 630 1805 omnibus,
643 1745 727 1812 quae
739 1727 771 1790 in
781 1723 913 1810 singula
926 1727 1069 1790 sessione
1092 1722 1282 1790 Tribunalis
1299 1725 1552 1792 matrimoni-olis

299 1817 505 1900 contingunt,
531 1815 600 1878 sive
625 1816 748 1899 scripto
772 1813 939 1898 leguntur,
963 1815 1033 1878 sive
1057 1818 1212 1878 oretenus
1235 1811 1345 1878 verbis
1357 1814 1553 1880 referantur
1615 1831 1622 1840 ·

300 1907 335 1970 et
358 1908 620 1990 propugnantur,
634 1900 861 1966 Protocollum
883 1921 943 1987 per
960 1899 1181 1966 secretarium
1194 1899 1384 1966 Tribunalis
1398 1904 1550 1968 construi

298 1991 406 2070 debet,
430 1990 524 2075 cujus
547 1996 660 2076 partes
683 1988 876 2054 essentiales
899 1993 1002 2053 sunt:
1027 1991 1061 2075 a)
1086 1988 1272 2075 Objectum,
1302 1989 1390 2076 quod
1414 1989 1552 2056 discuti-

298 2085 365 2161 tur,
389 2078 442 2144 vel
467 2078 593 2161 dequo
618 2075 843 2160 deliberatur;
869 2077 901 2162 b)
925 2082 1048 2163 partes,
1084 2098 1166 2163 quas
1191 2077 1356 2164 objectum
1380 2082 1552 2144 concernit

298 2167 531 2248 nominentnr3
557 2164 588 2252 c)
614 2169 691 2230 vota
715 2171 750 2230 et
775 2166 898 2230 motiva
932 2163 1224 2248 consiliariorum
1253 2163 1392 2252 denique
1415 2165 1452 2248 d)
1477 2189 1551 2233 con-

298 2255 425 2322 clusum
449 2253 537 2320 clarc
560 2274 761 2340 expressum.
806 2250 1035 2318 Necessarium
1071 2259 1182 2318 autem
1222 2275 1287 2319 non
1318 2260 1379 2334 est,
1415 2260 1455 2319 ut
1480 2258 1551 2321 sire

298 2349 470 2410 extractus
505 2362 624 2407 causae
646 2362 705 2428 per
727 2339 940 2406 Relerentsm
988 2339 1097 2406 factus
1134 2343 1203 2407 sive
1228 2343 1328 2406 etiarn
1351 2348 1470 2407 votum
1492 2364 1551 2430 per

298 2438 468 2498 extensum
494 2428 527 2494 in
552 2427 742 2494 Protocollo
766 2430 920 2493 sessionis
944 2426 1159 2509 describatur,
1195 2429 1253 2495 sed
1277 2433 1444 2496 succincte
1469 2429 1551 2496 dun·

298 2527 394 2587 taxat
418 2524 451 2584 et
474 2521 649 2582 summarie
694 2517 915 2604 exprimatur;
962 2517 1067 2603 quoad
1104 2525 1219 2582 votum
1257 2517 1455 2600 Consiliarii,
1493 2521 1551 2607 qui

298 2613 376 2675 ante
399 2628 434 2672 se
457 2615 571 2670 votum
586 2605 789 2692 depromenti
811 2605 978 2670 consentit
1001 2609 1036 2669 et
1058 2604 1139 2670 nihil
1154 2609 1230 2671 novi
1246 2605 1384 2693 profert,
1402 2606 1552 2674 sufficiat

299 2715 492 2763 consensum
518 2692 698 2776 adnotare;
723 2692 830 2776 quoad
854 2713 964 2757 eorum
989 2691 1257 2758 consiliariorum
1282 2715 1361 2759 vero
1385 2703 1477 2774 vota,
1494 2697 1552 2783 qui

298 2805 384 2850 nova
409 2784 534 2847 motiva
556 2782 779 2869 protulerunt,
803 2781 914 2846 eadem
929 2783 1094 2846 succincte
1120 2782 1151 2846 in
1176 2780 1368 2848 Protocollo
1392 2789 1474 2848 sunt
1499 2806 1552 2849 ex·

297 2868 485 2960 primenda3
533 2869 670 2956 denique
715 2866 821 2933 relate
857 2866 899 2932 ad
927 2890 1039 2932 eorum
1085 2869 1350 2936 Consiliariorum
1377 2877 1469 2952 vota,
1495 2873 1550 2959 qui

298 2961 473 3043 divergens
509 2961 623 3020 votum
669 2958 896 3035 enunciarunt,
928 2955 1013 3022 idem
1050 2979 1123 3022 cum
1158 2960 1226 3023 suis
1250 2957 1383 3034 motivis
1406 2961 1552 3044 genuine

297 3043 487 3112 Protocollo
520 3043 692 3123 inferatur,
725 3043 826 3108 etiam
860 3043 889 3110 si
919 3043 989 3109 tals
1013 3049 1127 3110 votum
1174 3044 1305 3112 nonnisi
1337 3045 1480 3113 formam
1503 3070 1552 3114 re·

299 3137 454 3223 spiceret.

394 3217 574 3286 Formular
596 3217 779 3284 Protocolli
804 3219 962 3284 sessionis
995 3225 1109 3306 potest
1133 3243 1203 3286 esse
1227 3243 1388 3308 sequens:

393 3308 493 3387 Nrus,
520 3305 547 3370 1.
572 3305 797 3372 Protocollum
827 3305 947 3372 dedato
979 3307 1008 3371 2.
1034 3307 1186 3373 Januarii
1222 3308 1316 3374 1859.
1356 3309 1552 3378 Tribunalis

283 3393 551 3464 matrimonialis
573 3393 941 3480 graeco-catholicorum
966 3394 1348 3482 Magno-Varadiuensis,
1363 3400 1549 3486 respiciens

299 3484 575 3553 consultationem
599 3483 707 3570 quoad
739 3481 991 3568 Inquisitionem
1026 3484 1194 3570 praeviam
1231 3487 1263 3549 in
1287 3507 1387 3551 cansa
1411 3487 1494 3554 Nro.
1520 3487 1549 3552 1.

300 3571 530 3639 matrimoniali
553 3571 729 3658 conjugum
753 3568 795 3636 N.
821 3569 861 3636 N.
899 3576 1042 3636 erectam
1060 3579 1195 3658 propter
1210 3572 1377 3658 (meritum
1402 3576 1549 3660 causae).

394 3661 610 3726 Praesentes:
634 3658 774 3724 Praeses
798 3657 839 3724 N.
872 3592 1061 3725 donsiliarii
1090 3659 1131 3727 N.
1157 3659 1199 3728 N.
1224 3660 1264 3727 N.
1289 3661 1331 3729 N.

394 3745 527 3814 Vinculi
551 3747 714 3812 Defensor
736 3746 777 3812 Ν.
803 3745 1008 3812 Secretarius
1044 3747 1086 3814 N.

393 3836 434 3902 D.
460 3834 680 3901 Consiliarius
703 3833 744 3901 Ν.
769 3834 887 3900 retulit
911 3839 1098 3901 extractum
1123 3833 1286 3902 Actorum
1310 3840 1547 3926 sequentibus:

393 3924 434 3990 D.
459 3922 595 3989 Vinculi
619 3922 871 3988 matrimonialis
894 3923 1058 3990 Defensor
1082 3925 1122 3989 ob
1139 3926 1410 3993 circumstantias
1436 3927 1549 3996 velex

298 4012 488 4080 rationibus
513 4060 519 4075 .
545 4060 552 4076 .
577 4059 584 4075 .
610 4009 806 4099 projectet.
832 4061 839 4076 .
864 4061 871 4075 .

394 4098 556 4166 Referens
591 4099 806 4166 consiliarius
839 4099 878 4164 N.
918 4098 1001 4165 idem
1036 4105 1150 4166 votum
1183 4101 1340 4189 proponit
1370 4125 1411 4170 ex
1433 4102 1548 4170 iisdem

300 4187 441 4255 motivis.

393 4275 435 4341 D.
460 4274 677 4342 Consiliarius
702 4279 799 4340 votat
833 4297 872 4340 ex
897 4275 1053 4342 motivis:
1079 4326 1086 4341 .
1112 4326 1118 4341 .
1145 4326 1151 4342 .

393 4363 434 4428 D.
459 4363 677 4429 Consiliarius
712 4365 878 4429 consentit
911 4362 1085 4430 Referenti
1120 4386 1160 4431 ex
1183 4359 1395 4450 pecularibus
1418 4382 1548 4456 quoque

299 4451 373 4518 aliis
397 4451 542 4517 motivis.
569 4501 575 4516 .
601 4501 608 4516 .
635 4501 641 4516 .

393 4539 435 4605 D.
460 4538 678 4606 Consiliarius
701 4539 896 4627 simpliciter
930 4538 1105 4606 Consentit
1128 4534 1313 4607 Referenti.

395 4628 534 4694 Praeses
557 4627 684 4694 accedit
706 4633 785 4694 voto
819 4626 1021 4694 Referentis.

395 4715 553 4804 Adeoque
575 4715 772 4782 Conclusum
804 4737 863 4802 per
897 4715 1118 4802 majoritatem
1142 4716 1306 4784 votorum.
