3464 5366
810 364 946 466 Li}

296 579 381 646 dem
403 581 491 648 Cam
513 579 653 668 Aprilis,
676 580 712 648 in
733 580 849 652 laudes
872 583 905 653 S.
930 585 1041 674 Papae
1063 583 1246 654 Caelestini
1268 585 1304 652 in
1348 585 1539 674 Synanario

294 665 370 746 diei,
395 665 513 751 „Quod
535 666 670 756 impiam
693 667 855 739 haeresim
878 671 1027 740 Nestorii
1052 671 1297 762 perstrinxerit,
1322 677 1357 740 et
1391 672 1480 742 hunc
1501 672 1539 740 in

293 753 795 842 DEIPARAMvirginemblas
821 760 1008 828 hemantem
1019 760 1250 830 Patriarcham
1262 761 1542 849 Constantinopo-

294 842 438 911 litanum
460 842 580 946 deponi
600 843 771 932 jusserit.“
796 781 960 914 §imiliter
982 847 1016 916 in
1061 848 1179 916 laudes
1223 847 1373 937 Agapeti
1417 849 1466 916 Pe
1492 871 1541 928 aa,

234 949 235 954 ’
295 931 403 1015 „quod
425 931 600 1000 Antrmum
623 931 855 1000 Patriaroham
878 935 1287 1026 Constantinopolitanum
1309 935 1440 1005 haeresi
1507 957 1543 1002 u·

294 1024 310 1085 t
336 1018 455 1087 chiens
476 1019 634 1087 intectum
657 1020 735 1089 sede
757 1023 975 1109 patriarchali
998 1023 1193 1114 privaverit,
1218 1029 1253 1094 et
1276 1025 1310 1094 iu
1335 1023 1442 1092 locum
1468 1025 1542 1114 ejus

329 1127 446 1174 ennam
468 1105 697 1176 Patriarcham
720 1110 972 1180 constituerit.“

292 1287 328 1380 ἓ.
357 1283 425 1367 63.
452 1283 673 1378 Confessio
703 1233 978 1370 Constantini
1004 1288 1164 1392 Magni,
1191 1288 1335 1392 primi
1351 1290 1540 1394 Impera·

715 1413 826 1496 toris
861 1413 1114 1514 Christiani,

293 1597 384 1668 ouem
409 1552 557 1651 E'cclesie
580 1580 705 1652 trauca
728 1581 881 1653 Sanctum
906 1583 940 1652 et
961 1583 1127 1670 apostolus
1140 1582 1408 1670 aequiparantem
1433 1583 1541 1669 hehet,

293 1691 332 1760 ule
355 1690 572 1762 successione
595 1691 915 1788 llomaoil’ontilicls
938 1694 968 1764 in
992 1694 1134 1765 Primulo
1158 1693 1245 1784 Petri
1280 1711 1301 1772 a
1334 1693 1464 1765 christo
1496 1695 1541 1764 in-

853 1803 981 1876 stituto.
1058 1805 1059 1810 ’

386 1954 532 2024 Etiamsi
548 1954 712 2024 ,Edictum
734 1979 874 2043 sequens
897 1957 1107 2026 Constantini
1127 1957 1226 2046 juxta
1249 1978 1451 2025 communem
1469 1956 1539 2046 opi·

291 2041 422 2112 urionem
445 2043 564 2111 saltem
580 2045 639 2126 ita,
662 2051 764 2134 prout
786 2048 821 2112 in
843 2045 981 2115 Graecis
1004 2043 1181 2113 Codicibus
1203 2051 1345 2134 prostat,
1369 2045 1539 2112 falsumet

291 2133 500 2284 sppppositum
522 2131 588 2217 sit;
612 2131 698 2200 illud
720 2140 833 2201 tamen
856 2135 997 2200 notitiae
1021 2155 1129 2236 causa,
1154 2138 1189 2200 et
1224 2132 1537 2288 quoniamPCrraeci
1594 2153 1596 2160 ’

290 2221 1380 2399 allattalltllolttllllltlllt,tllttlltlthttt
1412 2226 1566 2378 altit

290 2417 515 2464 successorum
537 2396 754 2484 inserimus.¹)
1241 2451 1245 2462 .

385 2483 437 2552 De
460 2483 675 2552 Confessionc
698 2484 912 2554 Constantini
933 2484 1059 2571 Magni,
1082 2483 1180 2574 primi
1205 2483 1423 2574 Imperatoris
1444 2485 1539 2556 Chri-

290 2571 402 2654 stiani,
426 2571 536 2661 quoad
557 2572 744 2640 Primatum
767 2574 992 2648 Romanorum
1003 2572 1214 2654 Pontificum,
1225 2595 1284 2641 eeu
1297 2573 1539 2642 successionem

290 2660 325 2726 in
347 2681 480 2729 munere
504 2660 537 2728 S.
560 2660 662 2729 Petro
684 2661 925 2750 Apostolorum
947 2660 1106 2749 Principi,
1130 2684 1189 2729 seu
1212 2660 1336 2730 Edicto
1366 2661 1538 2732 occasione

289 2747 475 2816 translatae
497 2746 587 2816 sedis
602 2748 842 2838 Imperatoriae
865 2748 1197 2839 Constantinopolim,
1231 2749 1425 2817 Matthaeus
1458 2749 1536 2817 Bla-

290 2842 407 2917 stares,
432 2835 467 2903 in
490 2859 550 2904 sno
567 2835 796 2925 syntagmate
819 2836 865 2904 Al
891 2836 1053 2917 habetioo,
1078 2836 1167 2925 quod
1188 2837 1316 2904 Bevere
1340 2836 1393 2905 ius
1416 2840 1451 2904 in
1473 2837 1536 2926 Sy·

290 2923 407 2992 nodico
429 2945 489 2992 suo
512 2923 615 2992 Temo
637 2924 681 2992 II.
706 2925 772 2992 luci
796 2861 945 3012 pubdcae
969 2923 1121 3005 tradidit,
1146 2925 1268 3013 pagina
1292 2860 1365 2994 ldt.
1391 2925 1433 2994 ad
1480 2925 1538 2994 Li-

289 3018 394 3080 teram
417 3011 457 3078 Ε.
481 3013 562 3081 haec
584 3013 736 3101 profert:
760 3013 846 3095 „Sed
870 3013 946 3080 dum
970 3011 1004 3079 in
1028 3015 1089 3094 hae
1111 3018 1209 3101 parte
1253 3012 1417 3080 sermonis
1450 3036 1535 3096 sum,

291 3123 368 3170 num
390 3100 604 3174 Constantini
626 3101 742 3188 Magni
763 3101 922 3168 Edictum
945 3099 1303 3189 silentiopraeteribo?
1327 3107 1362 3168 et
1375 3101 1539 3200 quomodo

289 3186 441 3256 inscitiae
463 3189 749 3277 reprehensionem
773 3212 839 3258 non
860 3189 1037 3270 incurram,
1062 3211 1136 3257 eum
1158 3210 1261 3278 aeque
1274 3189 1455 3257 absurdum
1466 3189 1533 3257 exi·

290 3265 568 3365 stimo,quaenon
592 3278 687 3344 decet
707 3300 871 3358 enarrare,
897 3285 930 3344 et
943 3277 1082 3366 pulchra
1094 3276 1229 3344 silentio
1244 3277 1347 3362 dare;
1372 3276 1432 3358 illo
1446 3277 1535 3344 enim

289 3363 448 3453 (Edicto),
459 3387 518 3432 nec
529 3364 718 3452 religiosius
728 3365 1027 3454 quidquamvideat
1037 3364 1166 3453 aliquis,
1180 3364 1335 3451 necquod
1348 3364 1538 3454 publicent

288 3451 394 3534 eredo,
419 3452 582 3540 publicari
605 3453 740 3540 dignius
763 3455 839 3520 sit.“
864 3452 1046 3541 Subjungit
1093 3452 1170 3520 dein
1214 3453 1325 3542 ipsum
1369 3447 1532 3524 Edictum

288 3539 510 3608 Confessionis
533 3540 746 3609 Constantini
769 3541 894 3628 Magni,
919 3544 1092 3630 synoptice
1112 3547 1241 3625 tamen;
1277 3541 1364 3626 quod
1387 3541 1442 3608 hic
1464 3541 1530 3612 loci
1555 3619 1557 3630 Υ

288 3650 348 3782 ppt
369 3632 541 3784 exmpleum
564 3634 755 3785 ercerptum
769 3652 801 3785 pl
815 3629 1046 3785 lplomooanone
1058 3627 1538 3786 9lippet}tTonploIffohBiblip·

329 3738 425 3784 accae
472 3739 543 3784 uris
594 3740 723 3785 anonreu
802 3740 903 3786 eerrs
982 3739 1033 3783 a.
1125 3767 1131 3782 .
1187 3741 1225 3784 1.
1360 3768 1367 3784 .
1413 3741 1480 3787 unc
1503 3741 1539 3786 rn

291 3804 421 3872 modum
444 3809 591 3886 senatu:
904 3769 913 3802 '
958 3739 1025 3807 Η
1419 3849 1422 3856 a

665 3960 806 4031 Edictum
831 3961 1030 4032 constantini
1047 3961 1159 4049 teoni.

384 4112 465 4183 Cum
490 4112 641 4181 omnibus
664 4115 808 4203 satrapis
832 4115 965 4196 nostris,
989 4135 1063 4182 cum
1100 4114 1257 4181 universo
1294 4123 1421 4196 senatu,
1458 4138 1533 4184 eum

289 4200 477 4289 praefectis,
501 4201 641 4303 denique
664 4224 739 4270 cum
762 4202 850 4269 omni
883 4202 1004 4292 populo
1026 4203 1189 4306 potestati
1223 4203 1395 4271 Romanae
1428 4204 1532 4291 Majo-

288 4290 389 4357 statis
412 4289 557 4371 subdrto,
579 4290 778 4360 conveniens
801 4313 872 4358 esse
892 4289 1127 4379 judicavumus,
1147 4297 1187 4360 ut
1209 4291 1484 4380 quemadmodum
1502 4291 1536 4361 S.

363 4514 383 4614 ζ)
402 4511 471 4569 Vide
489 4512 589 4595 Biencr
608 4511 642 4568 de
661 4513 868 4570 collectionibus
888 4512 1030 4570 Canonum
1057 4515 1127 4597 lacet
1148 4514 1192 4569 Gr.
1223 4516 1247 4584 ᾗ.
1269 4514 1310 4597 131·
1384 4587 1398 4598 ..
1437 4587 1442 4598 .

289 4585 601 4728 integditddgoaddidddddrl
620 4584 1538 4729 ἒηεξῖίάῗῧᾶἕέἣηῗιῖνῗῑᾶε]οἷ’ᾞηὲίῑὲῗὲῃ1ῗὲῐέἓοίξὲἰΐὲξῖὶῗοΐίιέοέῗθεείἓὲ

289 4730 460 4787 orthodoxae
479 4729 582 4786 Orient.
601 4729 774 4800 Neoplantae
794 4731 871 4788 Tem.
892 4730 916 4787 1.
937 4748 997 4803 pag.
1018 4730 1062 4785 28.
