3426 5368
789 384 852 454 335

715 481 920 490 ..ι-ὴ...-

195 733 230 827 ς.
259 729 356 814 218.
382 731 446 814 De
473 677 665 816 remedio
693 735 847 816 contra
872 733 1134 815 sententiam
1160 679 1445 831 vincularem,

622 858 678 940 de
703 857 1025 962 Appellatione.

291 1047 487 1114 Remedium
510 1053 628 1114 contra
661 1048 863 1114 sententiam
907 1047 1109 1115 vincularem
1143 1047 1195 1112 est
1218 1045 1443 1135 appellatioa

190 1132 302 1220 judice
325 1135 475 1202 inferiori
499 1135 541 1202 ad
563 1135 776 1222 superiorem.
824 1134 1020 1224 Appellatio
1044 1134 1252 1201 admittenda
1267 1143 1329 1214 est,
1343 1132 1446 1200 donec

195 1223 396 1289 matrimonii
420 1222 578 1291 validitas
600 1245 661 1311 per
682 1221 766 1290 duas
788 1232 849 1290 ant
883 1224 957 1309 ejus
980 1223 1175 1290 invaliditas
1198 1244 1259 1311 per
1281 1232 1351 1289 tres
1374 1243 1446 1288 sen-

195 1311 320 1377 tentias
343 1311 528 1379 conformes
550 1311 771 1399 pronunciata
794 1311 849 1378 sit.
886 1311 1026 1378 Duabus
1049 1310 1226 1378 sententiis
1249 1332 1309 1398 pro
1332 1310 1446 1376 matri·

193 1399 302 1464 monio
325 1404 361 1465 et
382 1398 511 1467 duabus
542 1405 659 1466 contra
703 1399 791 1464 illud
824 1399 1060 1480 militantibus,
1107 1396 1354 1464 matrimonium
1384 1418 1445 1486 pro

196 1483 307 1552 valido
329 1486 508 1554 tenendum
531 1495 594 1554 est.
618 1487 684 1554 Pro
696 1486 976 1576 appellationibus
989 1493 1164 1572 sequentes
1188 1487 1324 1572 regulae
1344 1489 1447 1553 inser·

194 1572 314 1640 viunt:
340 1575 372 1661 1)
395 1575 508 1642 Prima
531 1576 696 1642 instantia
718 1575 919 1642 sententiam
942 1597 1003 1663 pro
1026 1574 1205 1642 validitate
1218 1575 1355 1654 ferente,
1379 1595 1445 1639 ma·

193 1660 384 1730 trimonium
407 1685 567 1734 accusans
604 1663 647 1729 ad
682 1662 861 1730 secundam
894 1663 1093 1731 instantiam
1124 1661 1293 1751 appellare
1322 1667 1443 1750 potest.

192 1746 323 1832 Quodsi
345 1751 503 1819 validitas
527 1752 562 1818 in
586 1751 730 1824 secunda
752 1751 916 1818 instantia
940 1751 1163 1832 confirmetur,
1186 1750 1278 1817 nulla
1300 1749 1443 1838 amplius

191 1837 377 1926 appellatio
400 1839 507 1908 locum
531 1839 642 1907 habet.
666 1839 704 1908 Si
728 1839 975 1906 matrimonium
997 1839 1033 1906 in
1056 1840 1200 1906 secunda
1215 1837 1442 1906 instantantia

190 1947 253 2014 pro
274 1925 424 1995 invalido
447 1927 645 2011 declaretur,
670 1928 872 1995 matrimonii
894 1927 1061 1995 defensori
1083 1927 1255 2009 incumbit,
1273 1949 1314 1994 ex
1329 1925 1440 1993 officio

190 2011 236 2081 ad
257 2017 394 2082 tertiam
416 2038 599 2105 provocare
621 2017 826 2082 instantiam.
858 2015 896 2084 Si
934 2017 1039 2084 tertia
1061 2016 1225 2084 instantia
1248 2037 1308 2104 pro
1331 2015 1445 2082 matri-

191 2102 295 2170 monii
317 2103 432 2170 valore
451 2103 592 2193 judicat,
615 2104 758 2172 ulterior
790 2103 881 2170 haud
913 2105 1043 2171 obtinet
1064 2105 1256 2206 appellatio.
1303 2102 1443 2187 Quando

190 2195 306 2258 autem
328 2199 444 2260 contra
469 2192 613 2260 valorem
639 2191 804 2273 decernat,
828 2191 984 2259 defensor
995 2192 1198 2259 matrimonii
1208 2198 1322 2281 petere
1334 2192 1442 2271 debet,

189 2286 232 2345 ut
253 2289 375 2368 quarta
397 2283 624 2349 constituatur
642 2285 814 2360 instantia,
827 2281 993 2368 procujus
1008 2281 1177 2347 sententia
1194 2279 1443 2347 matrimonium

190 2365 246 2432 vel
269 2367 416 2436 validum
439 2369 493 2437 vel
522 2367 709 2437 invalidum
753 2376 929 2456 reputetur
961 2375 1105 2457 oportet
1151 2371 1185 2454 2)
1207 2368 1244 2436 si
1268 2369 1373 2456 prima
1395 2366 1444 2434 in·

189 2455 320 2522 stantia
342 2458 591 2524 matrimonium
635 2454 821 2523 invalidum
853 2456 1010 2538 declaret,
1057 2455 1261 2523 matrimonii
1285 2455 1439 2523 defensor

189 2563 232 2609 ex
254 2544 363 2613 officio
386 2546 554 2635 appellare
577 2545 685 2612 debet
709 2543 746 2611 Si
769 2545 932 2612 secundae
964 2545 1147 2612 instantiae
1173 2543 1335 2632 judicium
1356 2546 1443 2632 pari·
1571 2591 1573 2596 ,

190 2636 245 2698 ter
265 2631 517 2702 invaliditatem
540 2633 748 2722 pronunciet,
772 2632 925 2699 defensor
938 2633 1152 2714 matrimonii,
1169 2633 1235 2698 nisi
1248 2639 1441 2720 prestantes

189 2717 417 2788 invaliditatis
461 2720 675 2810 probationes
719 2742 813 2787 omne
844 2721 979 2788 dubium
1017 2719 1201 2801 secludant,
1236 2742 1370 2788 causam
1400 2721 1443 2786 ad

190 2807 327 2874 tertiam
349 2810 547 2876 instantiam
582 2809 712 2876 deferre
746 2813 891 2876 tenetur.
937 2809 1167 2877 invaliditatis
1191 2809 1361 2876 sententia
1383 2830 1443 2898 per

187 2895 325 2964 tertiam
348 2920 477 2986 quoque
499 2898 698 2965 instantiam
732 2897 812 2978 lata,
846 2897 986 2965 ulterior
1023 2897 1205 2986 appellatio
1228 2897 1366 2964 institui
1387 2919 1442 2964 ne·

187 2983 273 3072 quit.
295 2984 334 3052 Si
355 2986 567 3054 validitatem
591 3008 631 3053 ea
653 2989 858 3074 pronunciet,
883 2989 987 3053 actori
1011 2985 1153 3053 liberum
1177 2992 1230 3053 est
1252 2992 1377 3074 petere,
1402 2993 1442 3052 ut

186 3079 309 3160 quarta
353 3075 580 3143 constituatur
626 3073 801 3153 instantia,
832 3080 868 3141 et
901 3073 1002 3162 hujus
1048 3074 1217 3141 sententia
1240 3095 1305 3163 qua
1328 3073 1442 3140 finalis

186 3160 339 3229 habenda
361 3167 422 3230 est.
468 3163 502 3249 3)
535 3162 677 3246 Quando
700 3162 737 3228 in
758 3163 864 3249 prima
888 3169 922 3228 et
947 3162 1051 3229 tertia
1088 3162 1254 3228 instantia
1276 3161 1438 3229 adversus

186 3250 440 3332 matrimonium,
464 3252 500 3318 in
519 3250 665 3318 secunda
699 3255 812 3317 autem
846 3272 906 3338 pro
930 3271 968 3316 eo
991 3252 1159 3316 sententia
1182 3249 1301 3329 fertur,
1325 3250 1443 3318 matri·

184 3337 288 3403 monii
312 3337 473 3406 incumbit
496 3339 673 3418 defensori,
696 3345 849 3424 quartam
872 3344 986 3425 petere
1009 3338 1219 3404 instantiam.
1234 3394 1236 3398 .
1254 3340 1288 3423 4)
1313 3337 1441 3425 Appel-

186 3425 269 3492 latio
292 3448 312 3492 a
335 3427 508 3494 defensore
553 3426 756 3494 matrimonii
802 3428 999 3514 interposita
1029 3448 1071 3492 ex
1099 3447 1161 3491 sua
1192 3430 1315 3492 natura
1349 3426 1440 3513 parti

184 3514 284 3580 simul
319 3513 465 3602 prodest,
503 3537 588 3601 quae
619 3538 680 3603 pro
715 3516 918 3581 matrimonii
947 3513 1125 3582 validitate
1150 3515 1234 3600 agit.
1280 3512 1440 3580 Liberum

185 3601 400 3670 nihilominus
421 3604 487 3693 ipsi
511 3611 572 3684 est,
603 3603 749 3669 eamdem
780 3601 1016 3691 apellationem
1046 3600 1309 3689 independenter
1331 3623 1351 3667 a
1375 3623 1441 3666 rna·

185 3689 337 3758 trimonii
359 3691 532 3761 defensore
553 3693 782 3779 interponere,
806 3689 996 3758 consultum
1019 3695 1141 3770 tamen,
1165 3695 1205 3756 ut
1228 3711 1302 3756 eum
1326 3711 1364 3755 eo
1377 3689 1440 3755 hoc

186 3777 228 3846 de
250 3782 383 3865 negotio
408 3780 545 3847 consilia
579 3783 738 3847 conterat.
784 3781 819 3864 5)
846 3779 969 3846 Relate
1004 3777 1047 3846 ad
1080 3777 1331 3866 appellationes,
1356 3798 1440 3865 quus

184 3864 398 3956 interponere
420 3867 574 3936 defensor
597 3867 801 3935 matrimonii
847 3866 993 3934 muneris
1027 3864 1080 3933 sui
1103 3868 1239 3933 ratione·
1255 3865 1437 3952 obligatur,

184 3955 274 4022 nulli
298 3956 463 4023 habentur
486 3956 557 4023 dies
579 3955 711 4023 fatales.
735 3954 770 4023 Si
794 3954 884 4023 intra
907 3954 1087 4024 terminum
1116 3953 1360 4042 praescriptum
1382 3974 1441 4042 ap·

184 4043 402 4131 pellationem
447 4043 536 4112 haud
581 4044 738 4125 insinuet,
781 4043 953 4131 judicium,
988 4065 1100 4128 aquo
1136 4041 1307 4132 appellare
1328 4039 1437 4122 debet,

184 4137 303 4220 ipsum,
328 4132 370 4199 ad
394 4132 537 4198 officium
574 4149 670 4200 suum
701 4132 906 4220 implendum
949 4130 1137 4220 compellat,
1169 4130 1225 4198 val
1259 4151 1319 4218 pro
1343 4150 1439 4196 casus

184 4220 316 4288 ratione
352 4223 451 4288 etiam
483 4221 525 4288 ad
548 4220 750 4310 Episcopum
784 4242 823 4286 ea
857 4221 897 4288 de
920 4241 956 4286 re
993 4219 1119 4286 referat
1142 4226 1177 4286 et
1199 4223 1377 4306 proponat,
1399 4226 1440 4284 nt

185 4308 388 4378 matrimonii
411 4307 560 4377 defensio
584 4310 640 4375 alii
677 4311 750 4376 viro
787 4312 873 4376 omni
898 4330 940 4375 ex
961 4315 1058 4395 perte
1082 4305 1187 4374 habili
1209 4304 1438 4374 concredatur.

185 4395 304 4484 (Instr.
327 4401 356 4482 §-
382 4395 579 4488 179-184)
614 4397 648 4484 6)
679 4396 875 4486 Appellatio
908 4396 997 4484 apud
1021 4394 1180 4475 tribunal,
1204 4403 1320 4462 contra
1343 4394 1439 4480 cujus

184 4487 387 4554 sententiam
410 4485 537 4553 directa
560 4491 623 4566 est,
647 4485 861 4552 intradecem
884 4507 904 4550 a
927 4486 1096 4551 sententia
1109 4485 1349 4550 communicata
1365 4481 1438 4548 dies

183 4574 416 4643 annuncianda
440 4573 554 4659 venit3
578 4575 727 4642 tribunal
752 4595 829 4640 vero
853 4573 943 4639 intra
966 4574 1107 4659 triginta
1119 4570 1200 4652 dies,
1224 4570 1282 4659 qni
1303 4569 1435 4657 pariter

183 4663 226 4732 ab
249 4663 461 4732 intimatione
481 4669 618 4752 peraeta
641 4661 854 4752 computandi
877 4666 966 4740 sunt,
998 4668 1074 4727 acta
1096 4657 1140 4726 ad
1163 4659 1359 4726 instantiam
1383 4679 1436 4724 su·

184 4750 347 4842 perierem
371 4753 503 4820 mittere
516 4751 721 4820 debatPars
743 4749 917 4840 appellans
939 4770 978 4816 ea
1001 4749 1041 4818 de
1062 4769 1099 4816 ra
1122 4749 1260 4816 certitor
1274 4744 1439 4816 reddatur
