<?xml version="1.0" encoding="UTF-8"?>
<!DOCTYPE html PUBLIC "-//W3C//DTD XHTML 1.0 Transitional//EN"
    "http://www.w3.org/TR/xhtml1/DTD/xhtml1-transitional.dtd">
<html xmlns="http://www.w3.org/1999/xhtml" xml:lang="en" lang="en">
 <head>
  <title>
</title>
<meta http-equiv="Content-Type" content="text/html;charset=utf-8" />
  <meta name='ocr-system' content='tesseract 3.04.00' />
  <meta name='ocr-capabilities' content='ocr_page ocr_carea ocr_par ocr_line ocrx_word'/>
</head>
<body>
  <div class='ocr_page' id='page_1' title='image "./enchiridionjuri00pappgoog_0129.png"; bbox 0 0 3464 5366; ppageno 0'>
   <div class='ocr_carea' id='block_1_1' title="bbox 829 249 1033 354">
    <p class='ocr_par' dir='ltr' id='par_1_1' title="bbox 829 249 1154 354">
     <span class='ocr_line' id='line_1_1' title="bbox 829 249 1033 354; baseline -0.043 0"><span class='ocrx_word' id='word_1_1' title='bbox 829 249 1033 354; x_wconf 27' lang='lat' dir='ltr'>„El-r</span> 
     </span>
    </p>
   </div>
   <div class='ocr_carea' id='block_1_2' title="bbox 305 434 1552 567">
    <p class='ocr_par' dir='ltr' id='par_1_2' title="bbox 305 434 1552 567">
     <span class='ocr_line' id='line_1_2' title="bbox 305 434 1552 567; baseline 0.002 -37"><span class='ocrx_word' id='word_1_2' title='bbox 305 434 456 567; x_wconf 80' lang='lat' dir='ltr'>pluribus</span> <span class='ocrx_word' id='word_1_3' title='bbox 478 465 645 534; x_wconf 87' lang='lat' dir='ltr'>Praelatis</span> <span class='ocrx_word' id='word_1_4' title='bbox 668 487 732 552; x_wconf 87' lang='lat' dir='ltr'>qua</span> <span class='ocrx_word' id='word_1_5' title='bbox 753 465 934 554; x_wconf 83' lang='lat' dir='ltr'>Adjunctis</span> <span class='ocrx_word' id='word_1_6' title='bbox 958 471 993 533; x_wconf 89' lang='lat' dir='ltr'>et</span> <span class='ocrx_word' id='word_1_7' title='bbox 1015 465 1265 555; x_wconf 85' lang='lat' dir='ltr'>Supplentibus.</span> <span class='ocrx_word' id='word_1_8' title='bbox 1289 463 1342 530; x_wconf 91' lang='lat' dir='ltr'>Ex</span> <span class='ocrx_word' id='word_1_9' title='bbox 1373 465 1435 532; x_wconf 89' lang='lat' dir='ltr'>hac</span> <span class='ocrx_word' id='word_1_10' title='bbox 1459 464 1552 533; x_wconf 89' lang='lat' dir='ltr'>desu-</span> 
     </span>
    </p>
   </div>
   <div class='ocr_carea' id='block_1_3' title="bbox 302 551 1554 1787">
    <p class='ocr_par' dir='ltr' id='par_1_3' title="bbox 302 551 1554 1787">
     <span class='ocr_line' id='line_1_3' title="bbox 306 551 1553 642; baseline 0.001 -23"><span class='ocrx_word' id='word_1_11' title='bbox 306 563 410 620; x_wconf 80' lang='lat' dir='ltr'>mitur</span> <span class='ocrx_word' id='word_1_12' title='bbox 431 553 644 642; x_wconf 88' lang='lat' dir='ltr'>particularis</span> <span class='ocrx_word' id='word_1_13' title='bbox 668 555 883 640; x_wconf 89' lang='lat' dir='ltr'>congregatio</span> <span class='ocrx_word' id='word_1_14' title='bbox 906 576 1006 642; x_wconf 92' lang='lat' dir='ltr'>super</span> <span class='ocrx_word' id='word_1_15' title='bbox 1029 561 1123 621; x_wconf 90' lang='lat' dir='ltr'>statu</span> <span class='ocrx_word' id='word_1_16' title='bbox 1146 551 1384 634; x_wconf 89' lang='lat' dir='ltr'>Ecclesiarum,</span> <span class='ocrx_word' id='word_1_17' title='bbox 1409 575 1553 640; x_wconf 89' lang='lat' dir='ltr'>quaere·</span> 
     </span>
     <span class='ocr_line' id='line_1_4' title="bbox 305 641 1550 732; baseline 0 -24"><span class='ocrx_word' id='word_1_18' title='bbox 305 641 398 709; x_wconf 91' lang='lat' dir='ltr'>videt</span> <span class='ocrx_word' id='word_1_19' title='bbox 420 641 601 724; x_wconf 81' lang='lat' dir='ltr'>relationes</span> <span class='ocrx_word' id='word_1_20' title='bbox 623 641 864 732; x_wconf 91' lang='lat' dir='ltr'>Episcopcrum</span> <span class='ocrx_word' id='word_1_21' title='bbox 888 643 928 708; x_wconf 93' lang='lat' dir='ltr'>de</span> <span class='ocrx_word' id='word_1_22' title='bbox 951 647 1046 709; x_wconf 89' lang='lat' dir='ltr'>statu</span> <span class='ocrx_word' id='word_1_23' title='bbox 1068 641 1288 721; x_wconf 88' lang='lat' dir='ltr'>Dioecesium,</span> <span class='ocrx_word' id='word_1_24' title='bbox 1313 646 1348 708; x_wconf 92' lang='lat' dir='ltr'>et</span> <span class='ocrx_word' id='word_1_25' title='bbox 1371 642 1550 729; x_wconf 87' lang='lat' dir='ltr'>supervisi·</span> 
     </span>
     <span class='ocr_line' id='line_1_5' title="bbox 304 727 1554 810; baseline 0 -14"><span class='ocrx_word' id='word_1_26' title='bbox 304 728 443 809; x_wconf 88' lang='lat' dir='ltr'>tatione,</span> <span class='ocrx_word' id='word_1_27' title='bbox 467 729 662 798; x_wconf 87' lang='lat' dir='ltr'>introducta</span> <span class='ocrx_word' id='word_1_28' title='bbox 683 751 704 795; x_wconf 92' lang='lat' dir='ltr'>a</span> <span class='ocrx_word' id='word_1_29' title='bbox 726 729 908 799; x_wconf 88' lang='lat' dir='ltr'>Benedioto</span> <span class='ocrx_word' id='word_1_30' title='bbox 916 729 1012 798; x_wconf 83' lang='lat' dir='ltr'>XIV.</span> <span class='ocrx_word' id='word_1_31' title='bbox 1037 729 1287 797; x_wconf 74' lang='lat' dir='ltr'>Constitutione</span> <span class='ocrx_word' id='word_1_32' title='bbox 1301 727 1554 810; x_wconf 85' lang='lat' dir='ltr'>„Decet.“Item</span> 
     </span>
     <span class='ocr_line' id='line_1_6' title="bbox 305 816 1553 907; baseline 0.002 -24"><span class='ocrx_word' id='word_1_33' title='bbox 305 817 370 884; x_wconf 88' lang='lat' dir='ltr'>alia</span> <span class='ocrx_word' id='word_1_34' title='bbox 394 817 619 904; x_wconf 86' lang='lat' dir='ltr'>Congregatio</span> <span class='ocrx_word' id='word_1_35' title='bbox 641 817 865 907; x_wconf 88' lang='lat' dir='ltr'>particularis,</span> <span class='ocrx_word' id='word_1_36' title='bbox 889 840 988 907; x_wconf 86' lang='lat' dir='ltr'>super</span> <span class='ocrx_word' id='word_1_37' title='bbox 1019 818 1186 885; x_wconf 90' lang='lat' dir='ltr'>revisione</span> <span class='ocrx_word' id='word_1_38' title='bbox 1219 816 1430 906; x_wconf 88' lang='lat' dir='ltr'>Synodorum</span> <span class='ocrx_word' id='word_1_39' title='bbox 1475 818 1553 886; x_wconf 91' lang='lat' dir='ltr'>Pro·</span> 
     </span>
     <span class='ocr_line' id='line_1_7' title="bbox 304 900 1553 994; baseline 0 -22"><span class='ocrx_word' id='word_1_40' title='bbox 304 905 509 986; x_wconf 89' lang='lat' dir='ltr'>vinoialium,</span> <span class='ocrx_word' id='word_1_41' title='bbox 532 928 552 971; x_wconf 89' lang='lat' dir='ltr'>a</span> <span class='ocrx_word' id='word_1_42' title='bbox 575 905 671 973; x_wconf 84' lang='lat' dir='ltr'>Sixto</span> <span class='ocrx_word' id='word_1_43' title='bbox 695 905 735 970; x_wconf 93' lang='lat' dir='ltr'>V.</span> <span class='ocrx_word' id='word_1_44' title='bbox 759 905 929 974; x_wconf 88' lang='lat' dir='ltr'>instituta.</span> <span class='ocrx_word' id='word_1_45' title='bbox 952 900 1104 994; x_wconf 89' lang='lat' dir='ltr'>Denique</span> <span class='ocrx_word' id='word_1_46' title='bbox 1128 904 1351 992; x_wconf 88' lang='lat' dir='ltr'>Congregatio</span> <span class='ocrx_word' id='word_1_47' title='bbox 1374 905 1553 994; x_wconf 88' lang='lat' dir='ltr'>particula·</span> 
     </span>
     <span class='ocr_line' id='line_1_8' title="bbox 303 992 1551 1082; baseline -0.002 -20"><span class='ocrx_word' id='word_1_48' title='bbox 303 993 351 1062; x_wconf 87' lang='lat' dir='ltr'>ris</span> <span class='ocrx_word' id='word_1_49' title='bbox 374 1016 474 1082; x_wconf 92' lang='lat' dir='ltr'>super</span> <span class='ocrx_word' id='word_1_50' title='bbox 495 992 678 1061; x_wconf 82' lang='lat' dir='ltr'>residentia</span> <span class='ocrx_word' id='word_1_51' title='bbox 700 993 822 1082; x_wconf 89' lang='lat' dir='ltr'>Episeo</span> <span class='ocrx_word' id='word_1_52' title='bbox 847 1016 950 1075; x_wconf 90' lang='lat' dir='ltr'>orum,</span> <span class='ocrx_word' id='word_1_53' title='bbox 961 995 1002 1060; x_wconf 91' lang='lat' dir='ltr'>ab</span> <span class='ocrx_word' id='word_1_54' title='bbox 1015 993 1150 1061; x_wconf 87' lang='lat' dir='ltr'>Urbano</span> <span class='ocrx_word' id='word_1_55' title='bbox 1162 992 1271 1072; x_wconf 89' lang='lat' dir='ltr'>VHL,</span> <span class='ocrx_word' id='word_1_56' title='bbox 1286 993 1427 1082; x_wconf 89' lang='lat' dir='ltr'>amplius</span> <span class='ocrx_word' id='word_1_57' title='bbox 1440 1000 1551 1062; x_wconf 88' lang='lat' dir='ltr'>autem</span> 
     </span>
     <span class='ocr_line' id='line_1_9' title="bbox 304 1016 1464 1163; baseline -0.002 -13"><span class='ocrx_word' id='word_1_58' title='bbox 304 1081 490 1150; x_wconf 89' lang='lat' dir='ltr'>constituta</span> <span class='ocrx_word' id='word_1_59' title='bbox 512 1103 532 1148; x_wconf 86' lang='lat' dir='ltr'>a</span> <span class='ocrx_word' id='word_1_60' title='bbox 554 1081 736 1148; x_wconf 89' lang='lat' dir='ltr'>Benedicto</span> <span class='ocrx_word' id='word_1_61' title='bbox 759 1016 854 1152; x_wconf 62' lang='lat' dir='ltr'>xri.</span> <span class='ocrx_word' id='word_1_62' title='bbox 880 1081 1130 1150; x_wconf 81' lang='lat' dir='ltr'>Constitutione</span> <span class='ocrx_word' id='word_1_63' title='bbox 1157 1082 1232 1163; x_wconf 91' lang='lat' dir='ltr'>„Ad</span> <span class='ocrx_word' id='word_1_64' title='bbox 1255 1081 1464 1148; x_wconf 87' lang='lat' dir='ltr'>universae.“</span> 
     </span>
     <span class='ocr_line' id='line_1_10' title="bbox 399 1167 1553 1260; baseline 0.001 -25"><span class='ocrx_word' id='word_1_65' title='bbox 399 1171 433 1256; x_wconf 89' lang='lat'>4)</span> <span class='ocrx_word' id='word_1_66' title='bbox 458 1169 492 1236; x_wconf 83' lang='lat' dir='ltr'>S.</span> <span class='ocrx_word' id='word_1_67' title='bbox 516 1168 741 1256; x_wconf 88' lang='lat' dir='ltr'>Congregatio</span> <span class='ocrx_word' id='word_1_68' title='bbox 765 1193 865 1260; x_wconf 75' lang='lat' dir='ltr'>super</span> <span class='ocrx_word' id='word_1_69' title='bbox 887 1169 1044 1256; x_wconf 87' lang='lat' dir='ltr'>Negotiis</span> <span class='ocrx_word' id='word_1_70' title='bbox 1067 1169 1308 1258; x_wconf 89' lang='lat' dir='ltr'>Episcoporum</span> <span class='ocrx_word' id='word_1_71' title='bbox 1355 1181 1385 1236; x_wconf 86' lang='lat' dir='ltr'>et</span> <span class='ocrx_word' id='word_1_72' title='bbox 1407 1167 1553 1257; x_wconf 86' lang='lat' dir='ltr'>Regula·</span> 
     </span>
     <span class='ocr_line' id='line_1_11' title="bbox 303 1256 1552 1345; baseline -0.002 -19"><span class='ocrx_word' id='word_1_73' title='bbox 303 1257 400 1336; x_wconf 87' lang='lat' dir='ltr'>rium,</span> <span class='ocrx_word' id='word_1_74' title='bbox 423 1256 584 1324; x_wconf 88' lang='lat' dir='ltr'>instituta</span> <span class='ocrx_word' id='word_1_75' title='bbox 607 1281 626 1323; x_wconf 91' lang='lat' dir='ltr'>a</span> <span class='ocrx_word' id='word_1_76' title='bbox 650 1258 745 1324; x_wconf 86' lang='lat' dir='ltr'>Sixto</span> <span class='ocrx_word' id='word_1_77' title='bbox 769 1257 811 1326; x_wconf 91' lang='lat' dir='ltr'>V.</span> <span class='ocrx_word' id='word_1_78' title='bbox 847 1257 1096 1326; x_wconf 81' lang='lat' dir='ltr'>Constitutione</span> <span class='ocrx_word' id='word_1_79' title='bbox 1129 1256 1346 1338; x_wconf 86' lang='lat' dir='ltr'>,‚Immensa“,</span> <span class='ocrx_word' id='word_1_80' title='bbox 1384 1279 1468 1345; x_wconf 88' lang='lat' dir='ltr'>quae</span> <span class='ocrx_word' id='word_1_81' title='bbox 1501 1280 1552 1324; x_wconf 89' lang='lat' dir='ltr'>sn·</span> 
     </span>
     <span class='ocr_line' id='line_1_12' title="bbox 327 1344 1552 1435; baseline -0.002 -22"><span class='ocrx_word' id='word_1_82' title='bbox 327 1344 500 1435; x_wconf 90' lang='lat' dir='ltr'>erinspioit</span> <span class='ocrx_word' id='word_1_83' title='bbox 523 1345 707 1412; x_wconf 86' lang='lat' dir='ltr'>universali</span> <span class='ocrx_word' id='word_1_84' title='bbox 730 1346 1015 1414; x_wconf 87' lang='lat' dir='ltr'>administrationi</span> <span class='ocrx_word' id='word_1_85' title='bbox 1028 1345 1268 1433; x_wconf 90' lang='lat' dir='ltr'>Episcoporum</span> <span class='ocrx_word' id='word_1_86' title='bbox 1279 1351 1314 1411; x_wconf 90' lang='lat' dir='ltr'>et</span> <span class='ocrx_word' id='word_1_87' title='bbox 1326 1353 1552 1435; x_wconf 73' lang='lat' dir='ltr'>exemplorum</span> 
     </span>
     <span class='ocr_line' id='line_1_13' title="bbox 302 1369 1552 1520; baseline -0.002 -19"><span class='ocrx_word' id='word_1_88' title='bbox 302 1369 546 1513; x_wconf 55' lang='lat' dir='ltr'>lraelatorum,</span> <span class='ocrx_word' id='word_1_89' title='bbox 570 1433 652 1500; x_wconf 90' lang='lat' dir='ltr'>item</span> <span class='ocrx_word' id='word_1_90' title='bbox 674 1435 885 1501; x_wconf 75' lang='lat' dir='ltr'>consolationi</span> <span class='ocrx_word' id='word_1_91' title='bbox 910 1433 1071 1500; x_wconf 90' lang='lat' dir='ltr'>Ordinnm</span> <span class='ocrx_word' id='word_1_92' title='bbox 1094 1433 1341 1520; x_wconf 87' lang='lat' dir='ltr'>Religiosorum</span> <span class='ocrx_word' id='word_1_93' title='bbox 1375 1433 1417 1500; x_wconf 93' lang='lat' dir='ltr'>ad</span> <span class='ocrx_word' id='word_1_94' title='bbox 1440 1456 1496 1501; x_wconf 90' lang='lat' dir='ltr'>eos</span> <span class='ocrx_word' id='word_1_95' title='bbox 1519 1440 1552 1499; x_wconf 91' lang='lat' dir='ltr'>et</span> 
     </span>
     <span class='ocr_line' id='line_1_14' title="bbox 305 1521 1552 1608; baseline -0.002 -19"><span class='ocrx_word' id='word_1_96' title='bbox 305 1522 396 1589; x_wconf 88' lang='lat' dir='ltr'>inter</span> <span class='ocrx_word' id='word_1_97' title='bbox 419 1543 463 1602; x_wconf 90' lang='lat' dir='ltr'>se,</span> <span class='ocrx_word' id='word_1_98' title='bbox 487 1526 589 1606; x_wconf 88' lang='lat' dir='ltr'>etque</span> <span class='ocrx_word' id='word_1_99' title='bbox 613 1521 809 1608; x_wconf 88' lang='lat' dir='ltr'>disciplinae</span> <span class='ocrx_word' id='word_1_100' title='bbox 832 1522 1010 1606; x_wconf 83' lang='lat' dir='ltr'>religiosae</span> <span class='ocrx_word' id='word_1_101' title='bbox 1033 1543 1091 1586; x_wconf 91' lang='lat' dir='ltr'>sen</span> <span class='ocrx_word' id='word_1_102' title='bbox 1125 1521 1321 1588; x_wconf 78' lang='lat' dir='ltr'>monachali.</span> <span class='ocrx_word' id='word_1_103' title='bbox 1368 1521 1424 1587; x_wconf 87' lang='lat' dir='ltr'>Ad</span> <span class='ocrx_word' id='word_1_104' title='bbox 1469 1522 1552 1588; x_wconf 90' lang='lat' dir='ltr'>hanc</span> 
     </span>
     <span class='ocr_line' id='line_1_15' title="bbox 304 1607 1552 1698; baseline -0.001 -21"><span class='ocrx_word' id='word_1_105' title='bbox 304 1607 594 1696; x_wconf 80' lang='lat' dir='ltr'>congregationem</span> <span class='ocrx_word' id='word_1_106' title='bbox 618 1609 752 1696; x_wconf 87' lang='lat' dir='ltr'>negotia</span> <span class='ocrx_word' id='word_1_107' title='bbox 776 1611 985 1677; x_wconf 88' lang='lat' dir='ltr'>contentiosa</span> <span class='ocrx_word' id='word_1_108' title='bbox 1007 1632 1073 1676; x_wconf 93' lang='lat' dir='ltr'>non</span> <span class='ocrx_word' id='word_1_109' title='bbox 1097 1614 1260 1698; x_wconf 88' lang='lat' dir='ltr'>spectant,</span> <span class='ocrx_word' id='word_1_110' title='bbox 1286 1616 1421 1696; x_wconf 89' lang='lat' dir='ltr'>excepto</span> <span class='ocrx_word' id='word_1_111' title='bbox 1454 1613 1481 1676; x_wconf 90' lang='lat' dir='ltr'>si</span> <span class='ocrx_word' id='word_1_112' title='bbox 1505 1610 1552 1698; x_wconf 79' lang='lat' dir='ltr'>ju-</span> 
     </span>
     <span class='ocr_line' id='line_1_16' title="bbox 303 1696 1552 1787; baseline -0.002 -23"><span class='ocrx_word' id='word_1_113' title='bbox 303 1697 427 1764; x_wconf 89' lang='lat' dir='ltr'>dicium</span> <span class='ocrx_word' id='word_1_114' title='bbox 448 1696 606 1785; x_wconf 84' lang='lat' dir='ltr'>Episcopi</span> <span class='ocrx_word' id='word_1_115' title='bbox 628 1697 803 1764; x_wconf 90' lang='lat' dir='ltr'>saevitiem</span> <span class='ocrx_word' id='word_1_116' title='bbox 826 1698 979 1786; x_wconf 86' lang='lat' dir='ltr'>spiraret,</span> <span class='ocrx_word' id='word_1_117' title='bbox 1004 1720 1068 1783; x_wconf 86' lang='lat' dir='ltr'>quo</span> <span class='ocrx_word' id='word_1_118' title='bbox 1092 1700 1125 1762; x_wconf 92' lang='lat' dir='ltr'>in</span> <span class='ocrx_word' id='word_1_119' title='bbox 1160 1709 1240 1765; x_wconf 88' lang='lat' dir='ltr'>casn</span> <span class='ocrx_word' id='word_1_120' title='bbox 1261 1697 1464 1784; x_wconf 88' lang='lat' dir='ltr'>interposita</span> <span class='ocrx_word' id='word_1_121' title='bbox 1495 1719 1552 1787; x_wconf 92' lang='lat' dir='ltr'>per</span> 
     </span>
    </p>
   </div>
   <div class='ocr_carea' id='block_1_4' title="bbox 169 1781 1550 1873">
    <p class='ocr_par' dir='ltr' id='par_1_4' title="bbox 169 1781 1550 1873">
     <span class='ocr_line' id='line_1_17' title="bbox 169 1781 1550 1873; baseline -0.001 -22"><span class='ocrx_word' id='word_1_122' title='bbox 169 1857 172 1866; x_wconf 49' lang='grc'>,</span> <span class='ocrx_word' id='word_1_123' title='bbox 302 1785 465 1853; x_wconf 85' lang='lat' dir='ltr'>afflictum</span> <span class='ocrx_word' id='word_1_124' title='bbox 488 1785 666 1872; x_wconf 88' lang='lat' dir='ltr'>appellata,</span> <span class='ocrx_word' id='word_1_125' title='bbox 691 1786 974 1853; x_wconf 87' lang='lat' dir='ltr'>continuationem</span> <span class='ocrx_word' id='word_1_126' title='bbox 997 1781 1171 1873; x_wconf 75' lang='lat' dir='ltr'>processus</span> <span class='ocrx_word' id='word_1_127' title='bbox 1194 1782 1337 1852; x_wconf 88' lang='lat' dir='ltr'>sistendi</span> <span class='ocrx_word' id='word_1_128' title='bbox 1349 1791 1550 1873; x_wconf 88' lang='lat' dir='ltr'>potestatem</span> 
     </span>
    </p>
   </div>
   <div class='ocr_carea' id='block_1_5' title="bbox 297 1872 1550 3893">
    <p class='ocr_par' dir='ltr' id='par_1_5' title="bbox 301 1872 1549 2225">
     <span class='ocr_line' id='line_1_18' title="bbox 301 1872 1549 1962; baseline -0.001 -22"><span class='ocrx_word' id='word_1_129' title='bbox 301 1873 412 1940; x_wconf 88' lang='lat' dir='ltr'>habet.</span> <span class='ocrx_word' id='word_1_130' title='bbox 436 1872 493 1939; x_wconf 89' lang='lat' dir='ltr'>Ad</span> <span class='ocrx_word' id='word_1_131' title='bbox 516 1873 587 1960; x_wconf 88' lang='lat' dir='ltr'>ejus</span> <span class='ocrx_word' id='word_1_132' title='bbox 610 1897 626 1938; x_wconf 93' lang='lat' dir='ltr'>s</span> <span class='ocrx_word' id='word_1_133' title='bbox 649 1873 782 1940; x_wconf 88' lang='lat' dir='ltr'>haeram</span> <span class='ocrx_word' id='word_1_134' title='bbox 827 1879 982 1961; x_wconf 90' lang='lat' dir='ltr'>spectant</span> <span class='ocrx_word' id='word_1_135' title='bbox 1003 1875 1112 1940; x_wconf 88' lang='lat' dir='ltr'>omnia</span> <span class='ocrx_word' id='word_1_136' title='bbox 1135 1873 1331 1962; x_wconf 86' lang='lat' dir='ltr'>gravamina</span> <span class='ocrx_word' id='word_1_137' title='bbox 1354 1879 1471 1940; x_wconf 86' lang='lat' dir='ltr'>contra</span> <span class='ocrx_word' id='word_1_138' title='bbox 1495 1873 1549 1939; x_wconf 89' lang='lat' dir='ltr'>ad-</span> 
     </span>
     <span class='ocr_line' id='line_1_19' title="bbox 301 1960 1548 2050; baseline 0.002 -24"><span class='ocrx_word' id='word_1_139' title='bbox 301 1961 581 2028; x_wconf 86' lang='lat' dir='ltr'>ministrationem</span> <span class='ocrx_word' id='word_1_140' title='bbox 635 1960 867 2050; x_wconf 87' lang='lat' dir='ltr'>piscoporum;</span> <span class='ocrx_word' id='word_1_141' title='bbox 892 1962 926 2028; x_wconf 93' lang='lat' dir='ltr'>in</span> <span class='ocrx_word' id='word_1_142' title='bbox 950 1962 1081 2029; x_wconf 90' lang='lat' dir='ltr'>casibus</span> <span class='ocrx_word' id='word_1_143' title='bbox 1104 1960 1314 2028; x_wconf 88' lang='lat' dir='ltr'>necessitatis</span> <span class='ocrx_word' id='word_1_144' title='bbox 1338 1961 1379 2026; x_wconf 93' lang='lat' dir='ltr'>iis</span> <span class='ocrx_word' id='word_1_145' title='bbox 1395 1960 1548 2029; x_wconf 89' lang='lat' dir='ltr'>Vicarios</span> 
     </span>
     <span class='ocr_line' id='line_1_20' title="bbox 302 2047 1548 2137; baseline 0 -22"><span class='ocrx_word' id='word_1_146' title='bbox 302 2048 490 2129; x_wconf 88' lang='lat' dir='ltr'>substituit,</span> <span class='ocrx_word' id='word_1_147' title='bbox 515 2055 616 2137; x_wconf 91' lang='lat' dir='ltr'>atque</span> <span class='ocrx_word' id='word_1_148' title='bbox 635 2049 766 2136; x_wconf 86' lang='lat' dir='ltr'>judicat</span> <span class='ocrx_word' id='word_1_149' title='bbox 789 2051 829 2116; x_wconf 93' lang='lat' dir='ltr'>de</span> <span class='ocrx_word' id='word_1_150' title='bbox 853 2049 985 2117; x_wconf 88' lang='lat' dir='ltr'>delictis</span> <span class='ocrx_word' id='word_1_151' title='bbox 1008 2049 1239 2118; x_wconf 88' lang='lat' dir='ltr'>Praelatorum</span> <span class='ocrx_word' id='word_1_152' title='bbox 1263 2070 1347 2137; x_wconf 88' lang='lat' dir='ltr'>quae</span> <span class='ocrx_word' id='word_1_153' title='bbox 1370 2048 1412 2116; x_wconf 88' lang='lat' dir='ltr'>ad</span> <span class='ocrx_word' id='word_1_154' title='bbox 1437 2047 1470 2116; x_wconf 82' lang='lat' dir='ltr'>S.</span> <span class='ocrx_word' id='word_1_155' title='bbox 1494 2048 1548 2115; x_wconf 92' lang='lat' dir='ltr'>In-</span> 
     </span>
     <span class='ocr_line' id='line_1_21' title="bbox 302 2136 978 2225; baseline -0.004 -22"><span class='ocrx_word' id='word_1_156' title='bbox 302 2136 515 2225; x_wconf 90' lang='lat' dir='ltr'>quisitionem</span> <span class='ocrx_word' id='word_1_157' title='bbox 539 2159 612 2220; x_wconf 85' lang='lat' dir='ltr'>non¹</span> <span class='ocrx_word' id='word_1_158' title='bbox 630 2143 794 2225; x_wconf 90' lang='lat' dir='ltr'>spectant.</span> <span class='ocrx_word' id='word_1_159' title='bbox 976 2193 978 2200; x_wconf 78' lang='grc'>,</span> 
     </span>
    </p>

    <p class='ocr_par' dir='ltr' id='par_1_6' title="bbox 300 2222 1548 2489">
     <span class='ocr_line' id='line_1_22' title="bbox 396 2222 1548 2311; baseline 0.002 -22"><span class='ocrx_word' id='word_1_160' title='bbox 396 2224 431 2307; x_wconf 83' lang='grc'>5)</span> <span class='ocrx_word' id='word_1_161' title='bbox 456 2224 678 2311; x_wconf 89' lang='lat' dir='ltr'>Congregatio</span> <span class='ocrx_word' id='word_1_162' title='bbox 702 2224 958 2292; x_wconf 66' lang='lat' dir='ltr'>«iurisdictionis</span> <span class='ocrx_word' id='word_1_163' title='bbox 981 2232 1016 2292; x_wconf 89' lang='lat' dir='ltr'>et</span> <span class='ocrx_word' id='word_1_164' title='bbox 1038 2222 1548 2305; x_wconf 73' lang='lat' dir='ltr'>immunitatisEcclesiasticae,</span> 
     </span>
     <span class='ocr_line' id='line_1_23' title="bbox 300 2311 1548 2394; baseline 0 -15"><span class='ocrx_word' id='word_1_165' title='bbox 300 2313 456 2379; x_wconf 86' lang='lat' dir='ltr'>instituta</span> <span class='ocrx_word' id='word_1_166' title='bbox 481 2313 522 2378; x_wconf 92' lang='lat' dir='ltr'>ab</span> <span class='ocrx_word' id='word_1_167' title='bbox 546 2312 687 2379; x_wconf 88' lang='lat' dir='ltr'>Urbano·</span> <span class='ocrx_word' id='word_1_168' title='bbox 705 2311 815 2394; x_wconf 77' lang='lat' dir='ltr'>VIII,</span> <span class='ocrx_word' id='word_1_169' title='bbox 839 2313 882 2378; x_wconf 89' lang='lat' dir='ltr'>ad</span> <span class='ocrx_word' id='word_1_170' title='bbox 906 2313 1129 2380; x_wconf 84' lang='lat' dir='ltr'>defensionem</span> <span class='ocrx_word' id='word_1_171' title='bbox 1142 2320 1177 2380; x_wconf 89' lang='lat' dir='ltr'>et</span> <span class='ocrx_word' id='word_1_172' title='bbox 1193 2313 1477 2380; x_wconf 86' lang='lat' dir='ltr'>conservationem</span> <span class='ocrx_word' id='word_1_173' title='bbox 1486 2314 1548 2379; x_wconf 92' lang='lat' dir='ltr'>im·</span> 
     </span>
     <span class='ocr_line' id='line_1_24' title="bbox 300 2400 1364 2489; baseline -0.002 -23"><span class='ocrx_word' id='word_1_174' title='bbox 300 2400 478 2468; x_wconf 88' lang='lat' dir='ltr'>munitatis</span> <span class='ocrx_word' id='word_1_175' title='bbox 501 2400 746 2468; x_wconf 90' lang='lat' dir='ltr'>ecclesiastieae</span> <span class='ocrx_word' id='word_1_176' title='bbox 769 2401 924 2482; x_wconf 90' lang='lat' dir='ltr'>locorum,</span> <span class='ocrx_word' id='word_1_177' title='bbox 948 2423 1163 2489; x_wconf 88' lang='lat' dir='ltr'>personarum</span> <span class='ocrx_word' id='word_1_178' title='bbox 1186 2407 1222 2467; x_wconf 92' lang='lat' dir='ltr'>et</span> <span class='ocrx_word' id='word_1_179' title='bbox 1244 2421 1364 2466; x_wconf 90' lang='lat' dir='ltr'>rerum.</span> 
     </span>
    </p>

    <p class='ocr_par' dir='ltr' id='par_1_7' title="bbox 299 2487 1549 2907">
     <span class='ocr_line' id='line_1_25' title="bbox 396 2487 1549 2576; baseline 0.001 -23"><span class='ocrx_word' id='word_1_180' title='bbox 396 2487 431 2576; x_wconf 89' lang='grc'>6)</span> <span class='ocrx_word' id='word_1_181' title='bbox 456 2487 679 2575; x_wconf 87' lang='lat' dir='ltr'>Congregatio</span> <span class='ocrx_word' id='word_1_182' title='bbox 702 2489 852 2571; x_wconf 83' lang='lat' dir='ltr'>Rituum,</span> <span class='ocrx_word' id='word_1_183' title='bbox 877 2491 1067 2556; x_wconf 85' lang='lat' dir='ltr'>institutae</span> <span class='ocrx_word' id='word_1_184' title='bbox 1091 2488 1185 2556; x_wconf 84' lang='lat' dir='ltr'>Sixto</span> <span class='ocrx_word' id='word_1_185' title='bbox 1194 2487 1236 2557; x_wconf 91' lang='lat' dir='ltr'>V.</span> <span class='ocrx_word' id='word_1_186' title='bbox 1250 2487 1549 2573; x_wconf 88' lang='lat' dir='ltr'>adinvigilandum</span> 
     </span>
     <span class='ocr_line' id='line_1_26' title="bbox 301 2577 1549 2662; baseline 0 -18"><span class='ocrx_word' id='word_1_187' title='bbox 301 2577 407 2644; x_wconf 86' lang='lat' dir='ltr'>cultui</span> <span class='ocrx_word' id='word_1_188' title='bbox 429 2597 532 2657; x_wconf 90' lang='lat' dir='ltr'>sacro,</span> <span class='ocrx_word' id='word_1_189' title='bbox 557 2599 595 2645; x_wconf 90' lang='lat' dir='ltr'>ao</span> <span class='ocrx_word' id='word_1_190' title='bbox 617 2577 767 2644; x_wconf 88' lang='lat' dir='ltr'>tollenda</span> <span class='ocrx_word' id='word_1_191' title='bbox 790 2578 890 2645; x_wconf 87' lang='lat' dir='ltr'>dubia</span> <span class='ocrx_word' id='word_1_192' title='bbox 934 2599 997 2644; x_wconf 91' lang='lat' dir='ltr'>uae</span> <span class='ocrx_word' id='word_1_193' title='bbox 1021 2577 1108 2645; x_wconf 89' lang='lat' dir='ltr'>circa</span> <span class='ocrx_word' id='word_1_194' title='bbox 1131 2597 1205 2644; x_wconf 90' lang='lat' dir='ltr'>eum</span> <span class='ocrx_word' id='word_1_195' title='bbox 1229 2583 1446 2662; x_wconf 88' lang='lat' dir='ltr'>emergerent,</span> <span class='ocrx_word' id='word_1_196' title='bbox 1494 2577 1549 2644; x_wconf 90' lang='lat' dir='ltr'>de·</span> 
     </span>
     <span class='ocr_line' id='line_1_27' title="bbox 300 2662 1548 2754; baseline -0.002 -22"><span class='ocrx_word' id='word_1_197' title='bbox 300 2662 520 2753; x_wconf 88' lang='lat' dir='ltr'>cidendasque</span> <span class='ocrx_word' id='word_1_198' title='bbox 543 2666 786 2733; x_wconf 86' lang='lat' dir='ltr'>controversias</span> <span class='ocrx_word' id='word_1_199' title='bbox 811 2667 898 2734; x_wconf 89' lang='lat' dir='ltr'>circa</span> <span class='ocrx_word' id='word_1_200' title='bbox 956 2667 1056 2750; x_wconf 89' lang='lat' dir='ltr'>itum;</span> <span class='ocrx_word' id='word_1_201' title='bbox 1081 2664 1124 2731; x_wconf 86' lang='lat' dir='ltr'>ad</span> <span class='ocrx_word' id='word_1_202' title='bbox 1147 2687 1246 2754; x_wconf 89' lang='lat' dir='ltr'>quam</span> <span class='ocrx_word' id='word_1_203' title='bbox 1261 2665 1424 2753; x_wconf 73' lang='lat' dir='ltr'>&#39;spectant</span> <span class='ocrx_word' id='word_1_204' title='bbox 1447 2665 1548 2732; x_wconf 86' lang='lat' dir='ltr'>etiam</span> 
     </span>
     <span class='ocr_line' id='line_1_28' title="bbox 299 2752 1549 2907; baseline 0 -87"><span class='ocrx_word' id='word_1_205' title='bbox 299 2753 545 2907; x_wconf 69' lang='lat' dir='ltr'>pontioversiae</span> <span class='ocrx_word' id='word_1_206' title='bbox 569 2759 603 2820; x_wconf 91' lang='lat' dir='ltr'>et</span> <span class='ocrx_word' id='word_1_207' title='bbox 628 2753 705 2820; x_wconf 91' lang='lat' dir='ltr'>lites</span> <span class='ocrx_word' id='word_1_208' title='bbox 728 2753 815 2822; x_wconf 90' lang='lat' dir='ltr'>circa</span> <span class='ocrx_word' id='word_1_209' title='bbox 836 2754 1111 2843; x_wconf 86' lang='lat' dir='ltr'>praecedentiam,</span> <span class='ocrx_word' id='word_1_210' title='bbox 1135 2763 1170 2820; x_wconf 88' lang='lat' dir='ltr'>et</span> <span class='ocrx_word' id='word_1_211' title='bbox 1192 2775 1367 2841; x_wconf 83' lang='lat' dir='ltr'>processus</span> <span class='ocrx_word' id='word_1_212' title='bbox 1389 2752 1432 2820; x_wconf 92' lang='lat' dir='ltr'>ad</span> <span class='ocrx_word' id='word_1_213' title='bbox 1445 2752 1549 2821; x_wconf 93' lang='lat' dir='ltr'>beati·</span> 
     </span>
    </p>

    <p class='ocr_par' dir='ltr' id='par_1_8' title="bbox 326 2839 1516 2910">
     <span class='ocr_line' id='line_1_29' title="bbox 326 2839 1516 2910; baseline 0.002 -2"><span class='ocrx_word' id='word_1_214' title='bbox 326 2839 498 2908; x_wconf 82' lang='lat' dir='ltr'>ostionem.</span> <span class='ocrx_word' id='word_1_215' title='bbox 1515 2905 1516 2910; x_wconf 73' lang='grc'>,</span> 
     </span>
    </p>

    <p class='ocr_par' dir='ltr' id='par_1_9' title="bbox 299 2927 1547 3192">
     <span class='ocr_line' id='line_1_30' title="bbox 396 2927 1547 3017; baseline 0.002 -23"><span class='ocrx_word' id='word_1_216' title='bbox 396 2927 429 3015; x_wconf 83' lang='grc'>7)</span> <span class='ocrx_word' id='word_1_217' title='bbox 452 2929 675 3016; x_wconf 89' lang='lat' dir='ltr'>Congregatic</span> <span class='ocrx_word' id='word_1_218' title='bbox 697 2928 989 3016; x_wconf 89' lang='lat' dir='ltr'>Indulgentiarum</span> <span class='ocrx_word' id='word_1_219' title='bbox 1012 2936 1047 2996; x_wconf 93' lang='lat' dir='ltr'>et</span> <span class='ocrx_word' id='word_1_220' title='bbox 1070 2929 1103 2996; x_wconf 85' lang='lat' dir='ltr'>S.</span> <span class='ocrx_word' id='word_1_221' title='bbox 1126 2928 1368 3017; x_wconf 87' lang='lat' dir='ltr'>Reliquiarum,</span> <span class='ocrx_word' id='word_1_222' title='bbox 1382 2927 1547 2997; x_wconf 90' lang='lat' dir='ltr'>instituta</span> 
     </span>
     <span class='ocr_line' id='line_1_31' title="bbox 299 3014 1545 3106; baseline 0 -22"><span class='ocrx_word' id='word_1_223' title='bbox 299 3041 319 3084; x_wconf 89' lang='lat' dir='ltr'>a</span> <span class='ocrx_word' id='word_1_224' title='bbox 341 3017 512 3086; x_wconf 88' lang='lat' dir='ltr'>Clemente</span> <span class='ocrx_word' id='word_1_225' title='bbox 533 3017 595 3083; x_wconf 81' lang='lat' dir='ltr'>IX.</span> <span class='ocrx_word' id='word_1_226' title='bbox 620 3017 869 3084; x_wconf 87' lang='lat' dir='ltr'>Constitutione</span> <span class='ocrx_word' id='word_1_227' title='bbox 893 3017 954 3098; x_wconf 91' lang='lat' dir='ltr'>„In</span> <span class='ocrx_word' id='word_1_228' title='bbox 977 3018 1059 3106; x_wconf 90' lang='lat' dir='ltr'>ipsis</span> <span class='ocrx_word' id='word_1_229' title='bbox 1081 3015 1325 3084; x_wconf 85' lang='lat' dir='ltr'>Pontificatns“</span> <span class='ocrx_word' id='word_1_230' title='bbox 1364 3014 1407 3082; x_wconf 88' lang='lat' dir='ltr'>ad</span> <span class='ocrx_word' id='word_1_231' title='bbox 1430 3039 1545 3084; x_wconf 90' lang='lat' dir='ltr'>conoe-</span> 
     </span>
     <span class='ocr_line' id='line_1_32' title="bbox 301 3103 1460 3192; baseline -0.003 -18"><span class='ocrx_word' id='word_1_232' title='bbox 301 3106 424 3174; x_wconf 89' lang='lat' dir='ltr'>dendas</span> <span class='ocrx_word' id='word_1_233' title='bbox 447 3105 691 3190; x_wconf 83' lang='lat' dir='ltr'>Indulgentiae,</span> <span class='ocrx_word' id='word_1_234' title='bbox 716 3111 752 3172; x_wconf 91' lang='lat' dir='ltr'>et</span> <span class='ocrx_word' id='word_1_235' title='bbox 775 3128 910 3173; x_wconf 85' lang='lat' dir='ltr'>examen</span> <span class='ocrx_word' id='word_1_236' title='bbox 934 3106 1203 3173; x_wconf 88' lang='lat' dir='ltr'>authenticarum</span> <span class='ocrx_word' id='word_1_237' title='bbox 1218 3103 1460 3192; x_wconf 83' lang='lat' dir='ltr'>Reliquiarum.</span> 
     </span>
    </p>

    <p class='ocr_par' dir='ltr' id='par_1_10' title="bbox 297 3192 1550 3893">
     <span class='ocr_line' id='line_1_33' title="bbox 395 3192 1548 3282; baseline -0.002 -22"><span class='ocrx_word' id='word_1_238' title='bbox 395 3194 431 3282; x_wconf 87' lang='lat'>8)</span> <span class='ocrx_word' id='word_1_239' title='bbox 455 3193 680 3280; x_wconf 86' lang='lat' dir='ltr'>Congregatio</span> <span class='ocrx_word' id='word_1_240' title='bbox 704 3193 744 3259; x_wconf 93' lang='lat' dir='ltr'>de</span> <span class='ocrx_word' id='word_1_241' title='bbox 767 3194 989 3282; x_wconf 88' lang='lat' dir='ltr'>Propaganda</span> <span class='ocrx_word' id='word_1_242' title='bbox 1010 3193 1103 3274; x_wconf 84' lang='lat' dir='ltr'>Fide,</span> <span class='ocrx_word' id='word_1_243' title='bbox 1130 3199 1166 3259; x_wconf 90' lang='lat' dir='ltr'>et</span> <span class='ocrx_word' id='word_1_244' title='bbox 1187 3192 1219 3259; x_wconf 83' lang='lat' dir='ltr'>S.</span> <span class='ocrx_word' id='word_1_245' title='bbox 1238 3192 1462 3279; x_wconf 88' lang='lat' dir='ltr'>Congregatio</span> <span class='ocrx_word' id='word_1_246' title='bbox 1511 3214 1548 3258; x_wconf 87' lang='lat' dir='ltr'>ro</span> 
     </span>
     <span class='ocr_line' id='line_1_34' title="bbox 300 3279 1548 3369; baseline -0.004 -19"><span class='ocrx_word' id='word_1_247' title='bbox 300 3281 503 3369; x_wconf 89' lang='lat' dir='ltr'>corrigendis</span> <span class='ocrx_word' id='word_1_248' title='bbox 527 3281 623 3348; x_wconf 90' lang='lat' dir='ltr'>libris</span> <span class='ocrx_word' id='word_1_249' title='bbox 646 3280 817 3348; x_wconf 84' lang='lat' dir='ltr'>Ecclesiae</span> <span class='ocrx_word' id='word_1_250' title='bbox 840 3281 1032 3363; x_wconf 87' lang='lat' dir='ltr'>Orientalis‚</span> <span class='ocrx_word' id='word_1_251' title='bbox 1060 3282 1215 3348; x_wconf 88' lang='lat' dir='ltr'>inchoata</span> <span class='ocrx_word' id='word_1_252' title='bbox 1238 3302 1257 3346; x_wconf 92' lang='lat' dir='ltr'>a</span> <span class='ocrx_word' id='word_1_253' title='bbox 1276 3279 1439 3366; x_wconf 80' lang='lat' dir='ltr'>Gregorio</span> <span class='ocrx_word' id='word_1_254' title='bbox 1519 3279 1548 3347; x_wconf 90' lang='grc' dir='ltr'>Ι.</span> 
     </span>
     <span class='ocr_line' id='line_1_35' title="bbox 299 3367 1545 3456; baseline -0.003 -17"><span class='ocrx_word' id='word_1_255' title='bbox 299 3371 495 3440; x_wconf 91' lang='lat' dir='ltr'>continuata</span> <span class='ocrx_word' id='word_1_256' title='bbox 518 3377 552 3436; x_wconf 90' lang='lat' dir='ltr'>et</span> <span class='ocrx_word' id='word_1_257' title='bbox 575 3368 750 3436; x_wconf 82' lang='lat' dir='ltr'>emendata</span> <span class='ocrx_word' id='word_1_258' title='bbox 773 3391 793 3435; x_wconf 88' lang='lat' dir='ltr'>a</span> <span class='ocrx_word' id='word_1_259' title='bbox 816 3369 986 3438; x_wconf 83' lang='lat' dir='ltr'>Clemente</span> <span class='ocrx_word' id='word_1_260' title='bbox 1008 3368 1105 3437; x_wconf 89' lang='lat' dir='ltr'>VHl.</span> <span class='ocrx_word' id='word_1_261' title='bbox 1131 3375 1166 3435; x_wconf 92' lang='lat' dir='ltr'>et</span> <span class='ocrx_word' id='word_1_262' title='bbox 1188 3367 1545 3456; x_wconf 81' lang='lat' dir='ltr'>periectaaGregorio</span> 
     </span>
     <span class='ocr_line' id='line_1_36' title="bbox 299 3455 1548 3610; baseline -0.003 -86"><span class='ocrx_word' id='word_1_263' title='bbox 299 3459 375 3528; x_wconf 88' lang='lat' dir='ltr'>XV.</span> <span class='ocrx_word' id='word_1_264' title='bbox 399 3458 647 3527; x_wconf 84' lang='lat' dir='ltr'>Constitutione</span> <span class='ocrx_word' id='word_1_265' title='bbox 671 3457 940 3539; x_wconf 84' lang='lat' dir='ltr'>„Insorutabili“,</span> <span class='ocrx_word' id='word_1_266' title='bbox 965 3480 1030 3547; x_wconf 89' lang='lat' dir='ltr'>qua</span> <span class='ocrx_word' id='word_1_267' title='bbox 1052 3481 1125 3526; x_wconf 89' lang='lat' dir='ltr'>oum</span> <span class='ocrx_word' id='word_1_268' title='bbox 1149 3456 1362 3610; x_wconf 59' lang='lat' dir='ltr'>conpunctum</span> <span class='ocrx_word' id='word_1_269' title='bbox 1400 3463 1452 3523; x_wconf 92' lang='lat' dir='ltr'>est</span> <span class='ocrx_word' id='word_1_270' title='bbox 1475 3455 1548 3523; x_wconf 89' lang='lat' dir='ltr'>Col·</span> 
     </span>
     <span class='ocr_line' id='line_1_37' title="bbox 297 3543 1548 3633; baseline -0.001 -22"><span class='ocrx_word' id='word_1_271' title='bbox 297 3547 422 3632; x_wconf 87' lang='lat' dir='ltr'>legium</span> <span class='ocrx_word' id='word_1_272' title='bbox 445 3545 626 3627; x_wconf 88' lang='lat' dir='ltr'>Urbanum,</span> <span class='ocrx_word' id='word_1_273' title='bbox 649 3566 708 3631; x_wconf 86' lang='lat' dir='ltr'>pro</span> <span class='ocrx_word' id='word_1_274' title='bbox 731 3546 951 3612; x_wconf 87' lang='lat' dir='ltr'>Missionariis</span> <span class='ocrx_word' id='word_1_275' title='bbox 974 3546 1017 3613; x_wconf 88' lang='lat' dir='ltr'>ad</span> <span class='ocrx_word' id='word_1_276' title='bbox 1035 3567 1205 3633; x_wconf 88' lang='lat' dir='ltr'>propagan</span> <span class='ocrx_word' id='word_1_277' title='bbox 1229 3567 1282 3610; x_wconf 90' lang='lat' dir='ltr'>am</span> <span class='ocrx_word' id='word_1_278' title='bbox 1305 3543 1420 3628; x_wconf 73' lang='lat' dir='ltr'>fidem,</span> <span class='ocrx_word' id='word_1_279' title='bbox 1445 3544 1548 3610; x_wconf 91' lang='lat' dir='ltr'>habet</span> 
     </span>
     <span class='ocr_line' id='line_1_38' title="bbox 299 3631 1549 3724; baseline -0.003 -22"><span class='ocrx_word' id='word_1_280' title='bbox 299 3634 570 3724; x_wconf 78' lang='lat' dir='ltr'>Typographiam</span> <span class='ocrx_word' id='word_1_281' title='bbox 595 3635 747 3701; x_wconf 90' lang='lat' dir='ltr'>omnibus</span> <span class='ocrx_word' id='word_1_282' title='bbox 770 3635 840 3701; x_wconf 87' lang='lat' dir='ltr'>fere</span> <span class='ocrx_word' id='word_1_283' title='bbox 864 3634 998 3720; x_wconf 86' lang='lat' dir='ltr'>linguis.</span> <span class='ocrx_word' id='word_1_284' title='bbox 1025 3632 1251 3722; x_wconf 87' lang='lat' dir='ltr'>Congregatio</span> <span class='ocrx_word' id='word_1_285' title='bbox 1286 3631 1368 3698; x_wconf 90' lang='lat' dir='ltr'>haec</span> <span class='ocrx_word' id='word_1_286' title='bbox 1391 3632 1549 3702; x_wconf 85' lang='lat' dir='ltr'>recentis·</span> 
     </span>
     <span class='ocr_line' id='line_1_39' title="bbox 298 3719 1550 3812; baseline -0.002 -23"><span class='ocrx_word' id='word_1_287' title='bbox 298 3723 381 3791; x_wconf 93' lang='lat' dir='ltr'>sime</span> <span class='ocrx_word' id='word_1_288' title='bbox 402 3745 463 3812; x_wconf 91' lang='lat' dir='ltr'>pro</span> <span class='ocrx_word' id='word_1_289' title='bbox 486 3722 629 3808; x_wconf 87' lang='lat' dir='ltr'>negotiis</span> <span class='ocrx_word' id='word_1_290' title='bbox 651 3721 824 3789; x_wconf 79' lang='lat' dir='ltr'>Ecclesiae</span> <span class='ocrx_word' id='word_1_291' title='bbox 855 3721 1037 3790; x_wconf 89' lang='lat' dir='ltr'>Orientalis</span> <span class='ocrx_word' id='word_1_292' title='bbox 1081 3743 1141 3809; x_wconf 90' lang='lat' dir='ltr'>per</span> <span class='ocrx_word' id='word_1_293' title='bbox 1184 3719 1470 3789; x_wconf 77' lang='lat' dir='ltr'>constitutionem</span> <span class='ocrx_word' id='word_1_294' title='bbox 1492 3720 1550 3786; x_wconf 90' lang='lat' dir='ltr'>Pii</span> 
     </span>
     <span class='ocr_line' id='line_1_40' title="bbox 298 3809 1397 3893; baseline -0.004 -15"><span class='ocrx_word' id='word_1_295' title='bbox 298 3811 382 3878; x_wconf 90' lang='lat' dir='ltr'>IX.:</span> <span class='ocrx_word' id='word_1_296' title='bbox 409 3810 573 3893; x_wconf 86' lang='lat' dir='ltr'>„Romani</span> <span class='ocrx_word' id='word_1_297' title='bbox 595 3810 798 3878; x_wconf 88' lang='lat' dir='ltr'>Pontifices“</span> <span class='ocrx_word' id='word_1_298' title='bbox 824 3809 984 3878; x_wconf 88' lang='lat' dir='ltr'>distincta</span> <span class='ocrx_word' id='word_1_299' title='bbox 1007 3811 1160 3878; x_wconf 87' lang='lat' dir='ltr'>Sectione</span> <span class='ocrx_word' id='word_1_300' title='bbox 1183 3815 1283 3876; x_wconf 87' lang='lat' dir='ltr'>aucta</span> <span class='ocrx_word' id='word_1_301' title='bbox 1305 3809 1397 3893; x_wconf 86' lang='lat' dir='ltr'>est.¹)</span> 
     </span>
    </p>
   </div>
   <div class='ocr_carea' id='block_1_6' title="bbox 504 3987 1339 4087">
    <p class='ocr_par' dir='ltr' id='par_1_11' title="bbox 504 3987 1339 4087">
     <span class='ocr_line' id='line_1_41' title="bbox 504 3987 1339 4087; baseline -0.006 -16"><span class='ocrx_word' id='word_1_302' title='bbox 504 3993 538 4087; x_wconf 70' lang='grc' dir='ltr'>ἓ.</span> <span class='ocrx_word' id='word_1_303' title='bbox 568 3988 634 4071; x_wconf 85' lang='grc'>85.</span> <span class='ocrx_word' id='word_1_304' title='bbox 664 3987 883 4071; x_wconf 82' lang='lat' dir='ltr'>Officiales</span> <span class='ocrx_word' id='word_1_305' title='bbox 911 3989 1069 4072; x_wconf 88' lang='lat' dir='ltr'>Curiae</span> <span class='ocrx_word' id='word_1_306' title='bbox 1109 3988 1339 4068; x_wconf 86' lang='lat' dir='ltr'>Romanae.</span> 
     </span>
    </p>
   </div>
   <div class='ocr_carea' id='block_1_7' title="bbox 297 4130 1551 4492">
    <p class='ocr_par' dir='ltr' id='par_1_12' title="bbox 297 4130 1551 4492">
     <span class='ocr_line' id='line_1_42' title="bbox 395 4130 1549 4222; baseline -0.006 -17"><span class='ocrx_word' id='word_1_307' title='bbox 395 4135 598 4205; x_wconf 90' lang='lat' dir='ltr'>Comitatum</span> <span class='ocrx_word' id='word_1_308' title='bbox 621 4136 796 4204; x_wconf 86' lang='lat' dir='ltr'>Pontifiois</span> <span class='ocrx_word' id='word_1_309' title='bbox 819 4136 1031 4204; x_wconf 88' lang='lat' dir='ltr'>constituunt</span> <span class='ocrx_word' id='word_1_310' title='bbox 1053 4133 1246 4222; x_wconf 89' lang='lat' dir='ltr'>Dignitarii,</span> <span class='ocrx_word' id='word_1_311' title='bbox 1270 4137 1305 4200; x_wconf 92' lang='lat' dir='ltr'>et</span> <span class='ocrx_word' id='word_1_312' title='bbox 1329 4131 1386 4221; x_wconf 91' lang='lat' dir='ltr'>qui</span> <span class='ocrx_word' id='word_1_313' title='bbox 1409 4131 1446 4199; x_wconf 93' lang='lat' dir='ltr'>in</span> <span class='ocrx_word' id='word_1_314' title='bbox 1468 4130 1549 4199; x_wconf 88' lang='lat' dir='ltr'>aula</span> 
     </span>
     <span class='ocr_line' id='line_1_43' title="bbox 297 4220 1551 4314; baseline -0.005 -23"><span class='ocrx_word' id='word_1_315' title='bbox 297 4223 471 4292; x_wconf 90' lang='lat' dir='ltr'>Pontificis</span> <span class='ocrx_word' id='word_1_316' title='bbox 494 4224 640 4291; x_wconf 84' lang='lat' dir='ltr'>officium</span> <span class='ocrx_word' id='word_1_317' title='bbox 653 4224 788 4314; x_wconf 92' lang='lat' dir='ltr'>aliquod</span> <span class='ocrx_word' id='word_1_318' title='bbox 797 4225 850 4292; x_wconf 88' lang='lat' dir='ltr'>vel</span> <span class='ocrx_word' id='word_1_319' title='bbox 873 4246 991 4292; x_wconf 85' lang='lat' dir='ltr'>revera</span> <span class='ocrx_word' id='word_1_320' title='bbox 1014 4227 1067 4292; x_wconf 89' lang='lat' dir='ltr'>vel</span> <span class='ocrx_word' id='word_1_321' title='bbox 1089 4223 1210 4291; x_wconf 91' lang='lat' dir='ltr'>saltem</span> <span class='ocrx_word' id='word_1_322' title='bbox 1233 4222 1304 4309; x_wconf 88' lang='lat' dir='ltr'>ejus</span> <span class='ocrx_word' id='word_1_323' title='bbox 1329 4220 1469 4287; x_wconf 85' lang='lat' dir='ltr'>titulum</span> <span class='ocrx_word' id='word_1_324' title='bbox 1491 4242 1551 4306; x_wconf 86' lang='lat' dir='ltr'>ge-</span> 
     </span>
     <span class='ocr_line' id='line_1_44' title="bbox 297 4309 1548 4402; baseline -0.002 -24"><span class='ocrx_word' id='word_1_325' title='bbox 297 4318 387 4380; x_wconf 89' lang='lat' dir='ltr'>runt.</span> <span class='ocrx_word' id='word_1_326' title='bbox 410 4312 550 4380; x_wconf 86' lang='lat' dir='ltr'>Praeter</span> <span class='ocrx_word' id='word_1_327' title='bbox 572 4313 775 4394; x_wconf 89' lang='lat' dir='ltr'>Cardinales,</span> <span class='ocrx_word' id='word_1_328' title='bbox 801 4339 818 4380; x_wconf 91' lang='lat' dir='ltr'>e</span> <span class='ocrx_word' id='word_1_329' title='bbox 842 4313 961 4402; x_wconf 87' lang='lat' dir='ltr'>quibus</span> <span class='ocrx_word' id='word_1_330' title='bbox 984 4334 1070 4380; x_wconf 90' lang='lat' dir='ltr'>unus</span> <span class='ocrx_word' id='word_1_331' title='bbox 1105 4317 1158 4380; x_wconf 91' lang='lat' dir='ltr'>est</span> <span class='ocrx_word' id='word_1_332' title='bbox 1192 4309 1400 4379; x_wconf 88' lang='lat' dir='ltr'>Secretarius</span> <span class='ocrx_word' id='word_1_333' title='bbox 1434 4313 1548 4376; x_wconf 87' lang='lat' dir='ltr'>status</span> 
     </span>
     <span class='ocr_line' id='line_1_45' title="bbox 297 4399 1548 4492; baseline -0.004 -23"><span class='ocrx_word' id='word_1_334' title='bbox 297 4422 357 4492; x_wconf 94' lang='lat' dir='ltr'>pro</span> <span class='ocrx_word' id='word_1_335' title='bbox 380 4401 526 4489; x_wconf 87' lang='lat' dir='ltr'>negotiis</span> <span class='ocrx_word' id='word_1_336' title='bbox 548 4407 660 4471; x_wconf 89' lang='lat' dir='ltr'>status</span> <span class='ocrx_word' id='word_1_337' title='bbox 681 4401 853 4472; x_wconf 88' lang='lat' dir='ltr'>Pontificii</span> <span class='ocrx_word' id='word_1_338' title='bbox 876 4401 1034 4483; x_wconf 88' lang='lat' dir='ltr'>externis,</span> <span class='ocrx_word' id='word_1_339' title='bbox 1058 4400 1110 4470; x_wconf 90' lang='lat' dir='ltr'>oui</span> <span class='ocrx_word' id='word_1_340' title='bbox 1144 4399 1286 4470; x_wconf 89' lang='lat' dir='ltr'>subsunt</span> <span class='ocrx_word' id='word_1_341' title='bbox 1319 4420 1384 4488; x_wconf 88' lang='lat' dir='ltr'>qua</span> <span class='ocrx_word' id='word_1_342' title='bbox 1420 4419 1548 4485; x_wconf 87' lang='lat' dir='ltr'>organa</span> 
     </span>
    </p>
   </div>
   <div class='ocr_carea' id='block_1_8' title="bbox 373 4621 1095 4696">
    <p class='ocr_par' dir='ltr' id='par_1_13' title="bbox 373 4621 1095 4696">
     <span class='ocr_line' id='line_1_46' title="bbox 373 4621 1095 4696; baseline -0.01 -11"><span class='ocrx_word' id='word_1_343' title='bbox 373 4624 391 4696; x_wconf 88' lang='lat'>¹)</span> <span class='ocrx_word' id='word_1_344' title='bbox 409 4624 478 4686; x_wconf 83' lang='lat' dir='ltr'>Vide</span> <span class='ocrx_word' id='word_1_345' title='bbox 496 4625 526 4681; x_wconf 88' lang='lat' dir='ltr'>in</span> <span class='ocrx_word' id='word_1_346' title='bbox 543 4623 598 4681; x_wconf 83' lang='lat' dir='ltr'>line</span> <span class='ocrx_word' id='word_1_347' title='bbox 618 4621 716 4696; x_wconf 84' lang='lat' dir='ltr'>Operis</span> <span class='ocrx_word' id='word_1_348' title='bbox 737 4622 971 4682; x_wconf 76' lang='lat' dir='ltr'>constitutionem</span> <span class='ocrx_word' id='word_1_349' title='bbox 990 4621 1032 4679; x_wconf 88' lang='lat' dir='ltr'>Pii</span> <span class='ocrx_word' id='word_1_350' title='bbox 1050 4622 1095 4679; x_wconf 83' lang='lat' dir='ltr'>IX.</span> 
     </span>
    </p>
   </div>
   <div class='ocr_carea' id='block_1_9' title="bbox 0 0 1736 5366">
    <p class='ocr_par' dir='ltr' id='par_1_14' title="bbox 0 0 1736 5366">
     <span class='ocr_line' id='line_1_47' title="bbox 0 0 1736 5366; baseline 0 0"><span class='ocrx_word' id='word_1_351' title='bbox 0 0 1736 5366; x_wconf 95' lang='lat' dir='ltr'> </span> 
     </span>
    </p>
   </div>
  </div>
 </body>
</html>
