3476 5366
799 399 1000 506 m.

266 615 391 702 nequit.
415 615 576 684 Immunis
599 616 736 772 insuper
758 622 810 684 est
833 616 950 684 Clarus
990 618 1091 686 etiam
1114 618 1156 684 ab
1179 617 1335 687 oneribus
1358 619 1514 709 publicis,

267 708 302 770 ct
324 703 523 792 recipiendis
545 703 580 772 in
602 704 678 772 aedi
701 727 742 772 us
772 704 1008 772 ecclesiasticis
1031 704 1237 792 militibus.1)
1490 727 1495 742 ¹

766 921 915 1032 olrtt
949 921 1017 1034 lv.

267 1107 338 1184 DE
364 1105 632 1186 LIMITIBUS
653 1105 971 1186 POTESTATIS
996 1105 1431 1185 ECCLESIASTICAE
1447 1107 1517 1182 ΕΤ

384 1227 572 1312 CIVILIS
600 1233 781 1326 QUOAD
809 1231 949 1310 BONA
975 1232 1389 1312 ECCLESIASTICA.

268 1475 302 1570 ἓ.
318 1563 319 1568 Ν
334 1471 425 1554 189.
453 1469 647 1552 Ecclesia
662 1469 797 1553 hahet
810 1468 886 1574 jus
914 1495 939 1552 a
967 1470 1156 1553 Civitate
1182 1471 1516 1554 convenientem

591 1596 954 1678 sustentationem
984 1597 1202 1701 exigendi.

363 1765 493 1847 Auctor
504 1762 677 1850 religionis
690 1769 724 1830 et
736 1762 905 1831 Ecclesiae
914 1764 939 1832 J
940 1786 1016 1832 esus
1028 1764 1183 1832 Christus
1199 1763 1300 1845 Deus,
1314 1769 1348 1832 et
1357 1764 1514 1854 Apostoli

268 1851 351 1939 ejus,
374 1851 646 1937 quemadmodum
670 1852 907 1938 obligationem
930 1853 1088 1941 imposuit
1115 1855 1220 1920 sacris
1243 1852 1411 1920 Ministris
1433 1852 1515 1919 fide·

268 1940 327 2024 les,
350 1940 407 2028 qui
430 1940 576 2007 membra
599 1939 749 2007 civitatis
772 1947 852 2006 sunt
874 1940 1150 2008 sanctificationis
1174 1939 1513 2028 mediis-providendi,

268 2034 370 2115 atque
393 2049 413 2094 a
436 2029 530 2094 cunis
574 2050 678 2116 usque
723 2028 910 2116 sepulcrum
942 2028 985 2095 ad
1019 2031 1122 2095 vitam
1150 2034 1329 2110 aeternam,
1363 2028 1520 2096 ultimam

267 2115 410 2184 hominis
434 2115 688 2182 destinationem
702 2116 868 2203 dirigendi
890 2126 991 2201 atque
1008 2115 1165 2198 ducendi,
1194 2139 1233 2182 ac
1255 2117 1299 2182 ad
1321 2117 1451 2184 felicem
1475 2139 1518 2183 ex

269 2203 332 2270 hac
354 2205 509 2271 terrestri
534 2203 606 2270 vita
639 2205 767 2271 exitum
811 2203 1041 2292 praeparandi,
1078 2205 1129 2272 ita
1152 2205 1430 2272 sustentationem
1455 2203 1519 2270 Ec-

166 2368 169 2376 ,
269 2291 400 2374 clasiae,
424 2291 535 2370 cultus
558 2291 673 2372 divini,
698 2301 733 2358 et
755 2291 987 2360 Ministrorum
1022 2292 1093 2381 ejus
1127 2314 1187 2380 per
1209 2292 1326 2361 fideles
1348 2292 1516 2382 praestari

267 2379 837 2550 tttttt·sttthttitath
851 2380 1171 2557 ttatttttt
1184 2381 1361 2553 iiiiii
1380 2401 1520 2536 titt?

268 2555 364 2622 tandi
388 2567 500 2624 essent
524 2555 660 2622 dicens:
689 2556 837 2642 ,Dignus
861 2563 911 2622 est
936 2558 1106 2645 operarius
1137 2557 1284 2623 mercede
1306 2563 1395 2624 sua‘
1422 2555 1519 2622 Simi-

268 2642 350 2709 liter
370 2643 482 2710 Lucae
512 2644 591 2732 Cap.
617 2641 668 2709 10.
692 2667 723 2710 v.
748 2645 779 2710 7.
804 2642 890 2709 dixit
920 2643 1163 2731 praedicaturis
1200 2643 1409 2733 Discipulis:
1459 2642 1519 2724 ,In

269 2731 382 2797 eadem
405 2738 518 2799 autem
540 2730 636 2798 domo
657 2738 788 2799 manete
812 2731 947 2799 edentes
966 2738 1014 2810 et
1045 2732 1199 2799 bibentes
1222 2755 1306 2822 quac
1328 2730 1419 2821 apud
1440 2730 1518 2798 illos

269 2824 358 2900 sunt,
383 2819 503 2906 dignus
526 2826 578 2885 est
601 2819 687 2886 enim
711 2822 880 2907 operarius
903 2816 1052 2886 mercede
1084 2828 1162 2887 sua‘
1190 2827 1278 2888 etv.
1303 2821 1334 2886 8.
1358 2819 1518 2902 „Metulu-

268 2919 342 2974 cate
366 2930 449 2996 quae
472 2907 690 2994 apposuerint
713 2907 837 2972 vobis.‘
872 2907 905 2974 S.
949 2906 1076 2974 Paulus
1099 2909 1286 2995 Apostolus
1309 2914 1420 2976 autem
1444 2907 1518 2975 l-ac

258 2995 311 3062 ⁴ad
334 2993 525 3062 Corinthios
549 2994 627 3082 Cap.
652 2995 713 3060 IX.
739 3017 769 3060 v.
796 2995 865 3060 11.:
894 2994 945 3074 ‚Si
969 3018 1029 3062 nos
1058 2995 1179 3085 inquit,
1204 2997 1298 3064 vobis
1321 2994 1514 3084 spiritualia

268 3083 512 3163 seminavimus,
536 3105 691 3169 magnum
715 3091 767 3150 est
790 3083 820 3148 si
842 3105 902 3150 nos
928 3083 1072 3150 carnalia
1095 3092 1209 3151 vestra
1242 3091 1404 3150 metamus
1419 3082 1452 3148 i‘
1480 3087 1516 3149 et

268 3195 299 3240 v.
345 3171 421 3238 13.:
471 3170 644 3252 >,Nescitia
690 3170 844 3255 quoniam
888 3172 946 3256 qui
978 3175 1012 3238 in
1046 3173 1198 3239 Sacrario
1251 3176 1341 3252 sunt,
1397 3170 1516 3252 edunt,

268 3266 303 3328 et
325 3260 382 3348 qui
415 3259 514 3326 altari
559 3259 764 3340 deserviunt,
812 3259 853 3325 de
898 3258 998 3327 altari
1041 3261 1264 3349 participant,
1310 3260 1361 3326 ita
1392 3266 1426 3326 et
1453 3259 1519 3325 Do·

268 3348 377 3416 miuus
412 3347 579 3414 ordinavit
615 3347 693 3430 illis,
726 3347 781 3432 qui
819 3345 1043 3434 Evangelium
1086 3351 1299 3429 annunciant,
1332 3347 1372 3414 de
1406 3345 1518 3414 Evau-

268 3437 354 3523 gello
399 3439 539 3503 vivere‘
588 3435 696 3504 Juxta
740 3437 888 3502 Actuum
935 3441 1046 3503 autem
1092 3436 1328 3524 Apostolorum
1359 3434 1438 3522 Cap.
1474 3432 1518 3502 V.

268 3525 423 3613 Apostoli
447 3525 603 3591 collectas
626 3547 645 3589 a
668 3522 822 3590 fidelibus
846 3522 1061 3608 collegerunt,
1087 3532 1121 3589 et
1143 3523 1329 3591 oblationes
1363 3527 1514 3610 accepta·

268 3625 359 3678 runt.
381 3612 471 3679 Hinc
493 3612 676 3680 Christiani
698 3613 740 3678 ab
764 3611 891 3699 origine
914 3611 1125 3680 Christianae
1148 3611 1322 3698 religionis
1346 3609 1517 3677 nullonon

268 3707 417 3788 tempore
440 3722 481 3767 ex
502 3710 675 3789 praecepto
698 3700 761 3766 Dei
784 3700 824 3766 de
847 3700 1093 3766 sustentatione
1115 3698 1295 3779 Ecclesiae,
1331 3698 1443 3766 cultus
1468 3696 1517 3762 di·

268 3789 349 3869 vini,
373 3793 408 3855 et
431 3810 598 3854 sacrorum
620 3787 850 3854 Ministrorum
873 3787 1112 3874 providerunt;
1138 3789 1260 3855 divites
1282 3787 1456 3874 Principes
1479 3789 1515 3851 et

270 3876 447 3964 optimates
469 3876 556 3942 bona
579 3884 613 3942 ct
636 3873 819 3942 latifundia
840 3874 1000 3942 Ecclesiis
1023 3881 1058 3943 et
1081 3897 1194 3942 earum
1217 3874 1382 3942 Ministris
1419 3873 1519 3940 dona-

269 3970 358 4045 runt,
382 3964 448 4031 imo
470 3964 537 4052 ipsi
560 3968 671 4030 status
694 3962 874 4031 Christiani
898 3961 1080 4030 Ecclesiam
1103 3963 1197 4049 large
1238 3964 1410 4030 dotarunt.
1434 3959 1518 4028 Con·

270 4053 440 4118 stantibus
463 4060 574 4118 autem
596 4051 740 4137 Magnus
762 4053 888 4140 primus
896 4049 1083 4139 Imperator
1095 4050 1307 4119 Christianus
1318 4049 1517 4117 facultatem

270 4140 362 4207 dedit
384 4140 562 4228 unicuique
585 4140 803 4219 subditorum,
829 4139 946 4205 mortis
969 4161 1078 4220 causa,
1103 4146 1231 4226 partem
1256 4140 1417 4205 bonorum
1440 4159 1514 4202 suo-

270 4251 342 4294 rum
367 4251 463 4316 quam
487 4229 631 4297 voluerit
653 4226 812 4294 Ecclesiis
834 4228 1016 4316 harumque
1038 4227 1203 4295 Ministris
1246 4226 1321 4316 jure
1356 4231 1517 4313 perpetuo

270 4317 403 4403 legendi
427 4316 630 4397 accedendi,
655 4315 959 4404 cujusexemplum
995 4317 1151 4404 subsequi
1196 4316 1298 4385 etiam
1341 4313 1517 4401 Principes

270 4405 454 4474 Christiani
477 4404 583 4472 secuti
606 4410 695 4472 suut.

347 4673 364 4742 ¹)
383 4673 528 4727 Decretum
556 4668 751 4741 Angustissimi
774 4667 952 4740 Imperatoris
976 4665 1115 4722 Francisci
1130 4665 1243 4736 Josephi
1278 4668 1297 4720 l.
1328 4666 1380 4720 sub
1409 4661 1514 4720 Confe-

271 4767 361 4824 rentia
378 4767 577 4840 Episcoporum
605 4764 681 4822 1856.
702 4764 815 4822 editum.
