3476 5366
760 467 762 472 -
824 488 853 500 .,
873 393 980 494 151..

330 673 364 765 ξ.
397 670 490 752 158.
516 671 580 751 De
608 671 760 752 Officio
788 647 1076 756 Diaconorum
1104 658 1346 782 recipiendi
1373 676 1519 776 poeni-

848 799 1003 881 tentes.
1084 885 1086 888 ,

399 917 513 986 Canon
536 918 772 1007 Apostolorum
796 919 896 986 11111
916 922 1049 1012 „Siquis
1072 922 1267 1011 Episcopus,
1276 922 1470 1011 Presbyter,
1495 921 1553 989 vel

303 1005 480 1087 Diaconos,
505 1027 589 1087 eum,
613 1007 670 1090 qui
693 1029 712 1073 1
735 1008 882 1096 peccetis
906 1009 1124 1091 convertitur,
1148 1031 1213 1078 non
1237 1009 1366 1100 recipit,
1413 1010 1471 1078 sed
1495 1009 1551 1098 eji-

303 1093 360 1176 cit,
384 1093 602 1182 deponatur.“
1120 1103 1124 1112 '
1200 1119 1201 1126 ¹
1261 1155 1265 1166 .

311 1183 314 1190 ’
398 1179 577 1249 Balsamon
600 1183 642 1248 ad
666 1183 752 1249 huno
776 1183 941 1252 Cononem
963 1186 1143 1254 observat:
1169 1183 1281 1268 „Nota
1304 1205 1383 1272 ergo
1406 1207 1552 1272 exprae-

303 1267 392 1335 senti
414 1269 556 1350 Conone,
583 1293 648 1338 non
671 1271 752 1338 solis
774 1271 1009 1376 Episcopiset
1032 1273 1269 1342 Sacerdotibus
1292 1296 1481 1342 concessum
1498 1277 1552 1340 est

302 1356 472 1424 hominum
493 1357 715 1426 confessiones
738 1361 855 1448 11111111
878 1370 913 1427 11
936 1367 1071 1449 peccata
1116 1363 1298 1443 remittere,
1346 1361 1404 1429 1111
1448 1361 1552 1428 etiam

301 1444 442 1512 Diaconi
487 1469 561 1512 cum
606 1442 798 1535 Episcopeli
842 1450 1058 1537 permissione
1103 1449 1327 1518 confessiones
1372 1450 1549 1518 audiunts‘

302 1531 335 1599 S.
381 1533 570 1622 Cyprianus
614 1547 726 1601 autem
771 1538 812 1602 cb
860 1538 1132 1624 persecutionem
1177 1538 1383 1626 Carthagine
1427 1539 1549 1604 absens

301 1619 419 1688 scribit
464 1623 503 1688 de
548 1623 815 1692 reconciliatione
839 1625 1027 1712 lapsorum:
1076 1625 1131 1708 „Si
1176 1626 1286 1698 exitus
1332 1647 1453 1713 urgere
1475 1647 1549 1692 coe-

299 1709 388 1796 perit
442 1708 546 1797 (idest
597 1710 808 1798 poenitentes
867 1714 951 1800 lapsi
1007 1715 1042 1780 in
1088 1736 1194 1801 agone
1232 1711 1426 1781 'constituti
1482 1713 1553 1780 fue·

301 1795 385 1882 rint)
430 1821 495 1864 non
541 1806 734 1886 exspectent
778 1802 1001 1889 praesentiam
1046 1812 1204 1883 nostram,
1251 1802 1309 1873 sed
1353 1802 1442 1891 apud
1471 1801 1549 1868 Pre-

302 1883 475 1972 sbyterum
499 1886 553 1952 vel
576 1887 677 1953 etiam
700 1887 882 1955 Diaconum
929 1890 1181 1978 exomologesim
1226 1911 1361 1958 suorum
1403 1896 1553 1979 peccato·

300 1994 373 2037 rum
401 1973 536 2054 iaciant,
560 1980 600 2041 ut
623 1997 722 2042 manu
745 1977 793 2042 eis
816 1977 851 2042 iu
874 1978 1113 2065 poenitentiam
1138 1978 1296 2067 imposita
1313 1977 1550 2056 ,transeanted

300 2060 478 2127 Dominum
502 2062 536 2127 in
561 2071 671 2150 paoe.“
696 2064 838 2130 Errasse
861 2071 972 2131 tamen
996 2059 1226 2138 Balsamonem
1273 2087 1317 2133 ex
1362 2089 1400 2136 eo
1444 2071 1550 2154 patet,

300 2148 389 2235 quod
412 2149 517 2216 citato
541 2150 673 2218 Conone
696 2153 785 2219 sicut
809 2153 910 2218 etiam
933 2153 1075 2220 adducto
1100 2154 1132 2222 S.
1158 2154 1319 2242 Cypriani
1344 2154 1553 2240 eloquionon

226 2291 228 2297 s
301 2237 347 2302 sit
370 2259 476 2304 sermo
500 2237 539 2304 de
563 2240 769 2308 confessione
793 2247 827 2307 et
848 2241 1057 2308 absolutione
1080 2243 1325 2324 sacramentali,
1357 2243 1416 2308 sed
1439 2243 1480 2309 de
1502 2265 1552 2308 re-

301 2326 451 2413 ceptione
473 2325 653 2414 lapsorum,
678 2329 734 2415 qui
757 2333 834 2417 post
858 2331 1057 2416 baptismum
1080 2331 1179 2398 idolis
1225 2330 1465 2411 sacrificarunt,
1511 2330 1549 2396 in

301 2413 559 2480 communionem
583 2414 761 2496 Ecclesiae,
786 2421 903 2488 contra
936 2417 1164 2488 Novatianum
1187 2419 1400 2500 haereticum,
1424 2417 1481 2506 qui
1505 2416 1553 2483 di·

300 2501 374 2568 xit:
399 2501 547 2590 „Plange
571 2508 606 2570 et
629 2503 794 2594 lacrymas
819 2503 930 2586 funde,
956 2512 991 2572 et
1014 2505 1130 2575 diebus
1154 2529 1192 2574 11
1215 2507 1368 2573 noctibus
1413 2506 1553 2593 ingemi·

301 2612 364 2670 soe,
387 2596 422 2656 et
444 2613 504 2677 pro
527 2592 702 2672 abluendo,
727 2598 761 2658 et
784 2593 956 2681 purgando
980 2594 1100 2662 delicto
1125 2601 1182 2662 tuo
1227 2595 1369 2697 largiter
1414 2601 1448 2662 et
1483 2595 1552 2661 fre·

301 2683 441 2766 quanter
464 2700 609 2766 operare,
624 2679 692 2746 -sed
717 2685 813 2747 extra
835 2680 1020 2748 Ecclesiam
1043 2690 1121 2770 post
1143 2685 1209 2750 ista
1233 2705 1343 2751 omnia
1378 2684 1549 2769 morieris3

300 2787 511 2868 quaecunque
528 2766 578 2868 Ι111
600 2790 714 2868 pacem
737 2770 909 2856 pertinent
932 2769 1044 2852 facies,
1070 2771 1127 2837 sed
1151 2771 1277 2837 nullam
1301 2793 1425 2859 paoem,
1449 2793 1551 2860 quam

175 2858 178 2864 '
204 2937 206 2944 Ι
300 2861 443 2942 queens,
468 2863 642 2943 acorpres.·‘

394 2941 504 3008 Hodie
526 2943 666 3030 Diacoui
691 2942 884 3010 ministrant
908 2944 949 3012 ad
973 2945 1089 3028 111111,
1115 2954 1148 3014 11
1171 2947 1205 3012 11
1230 2947 1334 3012 111111
1370 2945 1552 3013 functioni-

300 3030 361 3095 bus
384 3029 638 3116 Saoerdotibus;
663 3030 742 3096 item
768 3032 903 3100 verbum
937 3032 999 3100 Dei
1036 3035 1258 3119 annunciant;
1284 3058 1349 3100 non
1373 3034 1551 3123 baptizant

299 3125 411 3184 autem
434 3119 499 3185 nisi
523 3119 556 3183 in
581 3143 659 3186 casu
682 3119 892 3186 necessitatis
916 3120 998 3202 ideo,
1023 3122 1100 3210 quia
1124 3122 1219 3209 juxta
1233 3125 1335 3188 ritum
1349 3122 1549 3190 orientalem

300 3205 559 3273 confirmationis
583 3229 711 3296 quoque
734 3207 985 3274 Sacramentum
1008 3212 1114 3302 1111111Ι
1131 3234 1203 3277 cum
1229 3212 1393 3298 baptismo
1417 3211 1546 3278 confer·

298 3298 364 3375 tur,
390 3294 483 3382 cujus
508 3294 658 3361 Ministri
680 3294 820 3362 Diacoui
844 3320 915 3363 esse
941 3321 1004 3362 non
1028 3303 1179 3386 possunt.
1203 3298 1466 3365 Diaconisolent
1487 3299 1549 3364 im-

298 3383 413 3471 primis
436 3405 507 3449 esse
530 3406 631 3470 penes
654 3383 823 3450 Ecclesias
847 3385 1074 3467 Cethedrales,
1100 3385 1183 3455 elias
1206 3387 1242 3452 in
1265 3389 1400 3452 s0¹emni
1438 3409 1547 3453 sacro·

299 3493 372 3536 rum
395 3471 616 3538 celebratione
641 3473 835 3556 Presbyteri
859 3473 1082 3542 Diaconorum
1107 3475 1195 3541 vices
1220 3475 1356 3541 obeunt.

350 3609 385 3704 ἓ.
419 3606 511 3687 159.
541 3607 604 3688 De
637 3608 821 3689 Diacoui
848 3611 1049 3708 sessione,
1076 3610 1254 3706 honore,
1284 3613 1328 3692 et
1355 3611 1497 3714 gradu

811 3733 1027 3817 inferiori.

394 3855 506 3923 Canon
529 3855 606 3924 XX.
631 3857 772 3925 Consilii
804 3859 986 3926 Laodiceni
1030 3860 1247 3949 praescribit:
1283 3861 1377 3942 ,Nou
1416 3865 1549 3947 oportet

298 3943 481 4010 Diaconum
505 3953 582 4010 ante
606 3946 843 4032 Presbyterum
868 3947 990 4028 sedere,
1023 3949 1080 4014 sed
1118 3949 1231 4016 sedere
1254 3972 1328 4016 oum
1348 3948 1446 4036 jussu
1468 3948 1548 4014 Pre-

299 4032 437 4119 sbyteri.
462 4030 626 4104 Similiter
649 4034 751 4100 etiam
773 4035 931 4101 Diaconis
955 4035 1072 4102 haberi·
1101 4037 1254 4103 honorem
1279 4060 1298 4102 a
1320 4037 1488 4103 Ministris
1511 4044 1548 4102 et

299 4121 449 4186 omnibus
471 4119 609 4188 Cleriois
633 4128 790 4210 oportet.“
817 4123 933 4205 Quoad
956 4123 1092 4208 gradum
1118 4124 1305 4192 interiorem
1330 4146 1417 4206 vero,
1434 4123 1550 4208 Canon

297 4206 758 4282 §immaculationem
790 4210 818 4276 I.
854 4212 1027 4298 sequentia
1073 4213 1249 4300 exprimit:
1300 4211 1478 4293 ,Pervenit
1501 4212 1545 4277 ad

298 4304 446 4362 sanctam
470 4296 650 4383 Synodum‚
675 4298 762 4386 quod
786 4299 819 4363 in
843 4299 1013 4365 nonnullis
1026 4299 1107 4366 locis
1130 4324 1168 4367 11
1192 4301 1388 4368 civitatibus
1405 4301 1549 4367 Diacoui

298 4383 380 4450 dant
403 4385 615 4472 Presbyteris
638 4386 897 4467 Eucharistiam,
935 4387 1023 4474 quod
1055 4410 1159 4473 neque
1190 4389 1303 4456 Canon
1327 4409 1431 4474 neque
1472 4410 1550 4455 oon·

298 4471 596 4556 suetudotradidit,
620 4474 740 4562 utqui
764 4475 920 4540 offerendi
945 4482 1145 4561 potestatem
1170 4500 1235 4542 non
1258 4478 1390 4558 habeut,
1415 4477 1468 4556 iis,
1489 4475 1548 4564 qui

298 4561 451 4642 offerunt,
477 4560 556 4626 dent
580 4584 698 4650 corpus
739 4562 875 4629 Christi.
909 4601 952 4611 -
985 4563 1125 4630 Diaconi
1161 4564 1251 4630 intra
1273 4587 1350 4631 suas
1374 4587 1548 4630 mensuras

298 4657 522 4737 permaneant,
547 4650 700 4731 scientes,
735 4650 822 4735 quod
846 4651 915 4716 sint
937 4651 1068 4738 quidem
1114 4651 1272 4741 Episcopi
1294 4651 1444 4719 Ministri
1466 4652 1547 4720 Pre-

299 4737 446 4824 sbyteris
470 4759 548 4805 vero
572 4738 723 4805 minores.
748 4739 921 4829 Accipient
942 4748 1051 4807 autem
1075 4764 1134 4808 suo
1158 4741 1273 4810 ordine
1295 4740 1543 4809 Eucharistiam
