3464 5366
810 361 853 430 79

205 577 320 646 Petrus
342 600 383 648 ex
405 601 547 670 persona
568 579 651 652 Filii
673 581 755 650 Dlll
777 581 962 668 (Ecclesiae
984 581 1108 686 Capul)
1132 585 1184 649 est
1206 581 1357 650 interris
1374 580 1447 666 ,ita

203 664 299 734 etium
321 665 489 770 Episcopi,
512 668 571 759 qoi
593 691 798 738 soccessores
822 676 905 738 suut
926 669 1093 757 Princ1pis
1109 668 1360 758 Apostolorum,
1380 667 1448 756 pri-

202 751 337 822 mariam
360 777 395 824 ru
419 755 520 824 terris
542 761 746 847 potestatem
768 757 935 843 habeant;
958 755 1007 843 (et
1030 756 1176 847 quidem)
1193 756 1448 846 ampliusquam

202 847 335 912 nostrae
357 841 495 914 Gloriae
517 844 739 1000 imperatoria
761 845 923 932 Majeetas
946 844 1077 914 habeat.
1118 844 1233 933 Atque
1255 844 1292 912 id
1314 843 1448 998 quidem

201 951 390 999 conoessum
413 937 466 1000 est
487 953 509 998 a
530 954 573 1000 no
596 932 636 1014 is,
659 931 883 1021 Augustique
906 939 1022 1001 nostra
1044 931 1200 1021 conjuge:
1224 955 1262 1001 ao
1283 954 1325 1000 vo
1341 954 1446 1014 umus,

200 1022 238 1086 ut
259 1017 333 1108 ipse
345 1019 516 1122 ‘Princeps
538 1020 788 1176 Apostolorum,
812 1021 951 1124 ejpsque
973 1043 1189 1102 successores,
1201 1043 1241 1090 ex
1256 1019 1364 1110 ipsius
1374 1042 1447 1110 per·

199 1107 1448 1298 ttllttltlttlllitt‘atttrittttltlltlt:
1490 1199 1494 1208 ·

198 1289 358 1350 noratur:
382 1289 433 1351 rta
455 1305 631 1371 sancimus,
653 1290 693 1352 ut
716 1292 752 1352 et
774 1293 891 1353 sancta
922 1286 1150 1354 Romanorum
1182 1284 1335 1353 Ecclesia
1364 1284 1447 1351 cola·

198 1373 265 1450 tur,
288 1377 325 1437 et
347 1370 548 1440 honoretur:
571 1379 673 1458 atque
696 1370 798 1463 cupio
820 1395 918 1462 quem
942 1373 1163 1464 Imperatoria
1197 1378 1312 1441 nostra
1346 1371 1448 1460 Maje·

198 1462 281 1538 ctas,
304 1463 540 1549 terrenumque
564 1461 694 1544 solium,
718 1465 834 1530 eenole
858 1462 952 1529 sedes
975 1462 1084 1530 sancti
1105 1461 1201 1530 Petri
1223 1460 1450 1530 laudibuscu·

199 1544 356 1628 muletur,
380 1554 483 1636 atque
506 1548 683 1616 exaltetur.
708 1551 758 1618 Ac
780 1549 859 1616 data
878 1548 949 1637 jam
983 1550 1049 1639 ipsi
1078 1555 1258 1638 potestate,
1296 1548 1448 1636 majesta-

199 1631 311 1718 tisque
334 1633 512 1722 dignitate,
536 1636 732 1704 confirmato
755 1636 874 1705 deinde
893 1637 1021 1724 judicio
1044 1637 1228 1728 sancimus:
1251 1641 1292 1704 ut
1329 1635 1448 1724 prima·

198 1720 283 1788 riam
303 1719 399 1790 illam
422 1721 546 1790 habeat
567 1728 780 1814 potestatem,
804 1731 906 1813 atque
929 1724 1039 1814 Caput
1061 1725 1263 1814 sitquatuor
1280 1724 1445 1803 soliorum,

197 1807 425 1880 Alexandrini
448 1810 617 1893 videlieet,
637 1809 851 1894 Antiocheni,
875 1811 1008 1881 Jcrosol
1037 1813 1164 1894 mitani,
1188 1820 1224 1881 et
1256 1811 1447 1881 Constanti·

197 1896 408 1986 nopolitani:
432 1919 471 1968 ac
494 1920 572 1966 vero
595 1900 745 1968 breviter
768 1901 915 1970 omnium
937 1837 1163 1970 Ecciesiarum
1197 1900 1347 1968 universi
1382 1905 1447 1967 ter·

197 2005 308 2056 rurum
331 1987 431 2054 orbis.
458 1985 507 2054 Ut
530 1987 632 2055 etiam
654 1989 711 2073 qni
742 1995 879 2058 sanotae
903 1987 1127 2058 Romanorum
1162 1987 1334 2057 Ecclesiae
1368 1987 1447 2076 Epi·

197 2093 317 2162 scopus
340 2073 479 2143 futurus
502 2085 561 2156 eat,
585 2075 754 2164 gloriosus
772 2099 845 2146 esse
868 2076 998 2158 debeat,
1022 2085 1057 2144 et
1079 2098 1180 2165 supra
1203 2097 1316 2144 omncs
1340 2077 1447 2142 totius

197 2161 312 2229 mundi
334 2161 534 2231 Sacerdotes
556 2163 716 2232 excelsus.
739 2163 788 2232 Ut
835 2171 988 2240 ostrcmo.
1013 2164 1043 2232 si
1065 2165 1145 2254 quid
1158 2163 1340 2231 adcultum
1354 2161 1445 2244 DEI,

197 2247 415 2318 christianam
438 2273 481 2319 ue
502 2249 601 2320 fidem
625 2188 887 2334 instaurandam,
912 2275 950 2321 ac
960 2251 1256 2322 constabiliendum
1266 2251 1446 2341 pertineat,

195 2335 230 2404 id
248 2337 292 2406 ab
315 2337 390 2427 ipso
414 2272 626 2428 dijudicetur.
649 2339 805 2432 Aequum
827 2341 915 2409 euim
937 2353 999 2422 est,
1022 2348 1063 2409 ut
1084 2339 1157 2409 illio
1179 2361 1275 2408 sacra
1293 2367 1296 2374 ·
1311 2340 1365 2407 lex
1384 2339 1447 2406 ori-

195 2423 306 2512 ginem
330 2431 366 2496 ct
389 2426 526 2495 initium
548 2435 668 2510 sumat,
694 2429 753 2498 ubi
797 2435 1028 2500 sacrosanctus
1073 2427 1249 2516 legislator
1286 2427 1448 2496 Servator

195 2520 311 2582 amtor
332 2513 437 2583 Jesus
459 2514 616 2586 Christus
637 2517 772 2585 beatum
795 2517 998 2620 Apostolum
1020 2518 1159 2586 Petrum
1169 2514 1282 2585 sedem
1295 2516 1447 2584 obtinere

192 2597 306 2756 possit,
331 2603 439 2672 crucis
461 2602 680 2676 afflictionem
702 2605 877 2687 sustinurt,
900 2607 1082 2690 beataeque
1106 2605 1224 2672 mortis
1247 2602 1446 2674 calicembi·

217 2688 266 2758 it:
291 2695 328 2758 et
351 2690 411 2760 ubi
432 2691 492 2762 ille
514 2693 617 2760 etiam
639 2693 792 2762 imitator
815 2693 969 2781 magistri
992 2701 1093 2778 atque
1116 2692 1250 2760 Domini
1272 2692 1446 2760 suifeotus

195 2783 256 2846 est.
279 2777 331 2846 Ut
351 2777 434 2847 item
455 2779 527 2848 illio
549 2780 714 2850 inclinent
735 2788 855 2869 gentes
877 2781 991 2869 capita
1012 2803 1083 2866 aua,
1107 2788 1245 2870 propter
1268 2780 1446 2848 confessio·

194 2885 268 2934 nem
291 2867 437 2936 nominis
458 2867 597 2949 Christi,
620 2869 679 2938 ubi
701 2869 836 2937 illarum
859 2870 1116 2942 Doctorbeatus
1125 2868 1310 2958 Apostolus
1318 2867 1446 2936 Paulus

195 2960 331 3022 extenso
354 2960 493 3045 propter
514 2955 686 3026 Christum
709 2958 794 3026 collo
839 2957 998 3047 Martyrii
1033 2979 1186 3025 coronam
1231 2954 1381 3045 accepit:
1405 2963 1446 3024 ut

194 3039 332 3132 insuper
353 3065 458 3129 usque
481 3043 645 3114 adfinem
669 3045 783 3112 mundi
807 3044 888 3113 illae
911 3047 1080 3113 doctorem
1102 3051 1277 3134 quaerant,
1300 3044 1359 3113 ubi
1372 3065 1446 3110 san·

195 3137 324 3201 ctoruor
349 3131 421 3234 ejus
443 3132 604 3234 reliquiae
625 3133 812 3235 quiescunt.
836 3131 893 3200 Ad
916 3140 1100 3236 extremum
1115 3155 1213 3238 uero,
1236 3141 1276 3201 ut
1296 3153 1361 3216 quo
1374 3132 1446 3234 loco

195 3219 893 3396 tltltltgttttlhmtttlltl
910 3243 1147 3378 llllttl
1160 3228 1295 3378 tlt
1306 3241 1446 3376 ‘tltt

192 3392 426 3464 deserviamus.
450 3395 627 3464 Tradimus
650 3399 763 3483 itaque
786 3398 869 3486 ipsis
892 3397 1019 3466 sanetis
1042 3398 1225 3487 Apostolis,
1250 3396 1439 3465 beatisDo·

191 3484 289 3552 minis
314 3483 395 3552 meis
415 3483 519 3552 Petro
541 3491 577 3552 et
598 3485 713 3566 Paulo,
738 3507 776 3557 ao
798 3491 875 3574 post
897 3486 975 3553 illos
998 3485 1096 3552 beato
1130 3484 1307 3574 Sylvcstro
1341 3483 1438 3573 patri

191 3579 315 3654 nostro,
342 3594 459 3660 magno
482 3573 657 3663 Episcopo,
681 3583 717 3641 ct
739 3573 912 3642 Oatbolioo
936 3574 1046 3661 Papae
1069 3574 1162 3642 urbis
1200 3573 1335 3653 Romae,
1376 3593 1441 3638 om·

190 3661 352 3764 sibosque
374 3661 619 3730 successoribus
642 3661 723 3750 ejus,
748 3662 805 3750 qui
829 3662 870 3728 ab
894 3661 1052 3730 hodierno
1076 3662 1130 3731 die
1152 3659 1314 3749 usquead
1339 3660 1439 3726 fiucm

190 3748 304 3816 munds
328 3747 364 3816 in
386 3748 470 3816 solio
492 3749 584 3816 beati
606 3749 701 3817 Petri
723 3749 970 3840 praesidebunt,
993 3749 1251 3839 imperatorium
1286 3755 1438 3816 nostrum

190 3837 360 3926 palatium¹
374 3835 610 3918 Lateranense,
634 3837 723 3926 quod
746 3845 883 3926 superat
905 3845 1006 3923 atque
1040 3839 1147 3907 vincit
1169 3836 1278 3906 totius
1324 3833 1440 3904 mnudi

190 3925 334 4013 palatie:
357 3931 531 4013 praeterea
553 3925 655 3993 etiam
678 3926 839 4008 diadema,
875 3926 947 3996 sive
978 3948 1132 3996 coronam
1166 3925 1290 4015 capitis
1321 3921 1439 4004 nostri,

191 4019 261 4082 tum
284 4012 392 4082 lorum
415 4035 544 4102 quoque
567 4018 602 4080 ct
623 4015 803 4096 humerale,
845 4013 933 4105 quod
973 4013 1215 4104 Imperatoriae
1249 4010 1442 4101 Maiestatis

190 4101 310 4170 collum
333 4101 456 4189 cingit:
480 4101 581 4170 simul
604 4103 708 4170 etiam
730 4124 929 4206 purpuream
964 4102 1185 4191 chlamydem,
1220 4107 1255 4168 et
1289 4100 1440 4169 tunicam

189 4191 383 4271 coccineam,
407 4189 582 4280 omniaque
603 4190 825 4281 Imperatorra
847 4191 1053 4272 indumenta,
1078 4213 1138 4258 nec
1161 4210 1225 4256 nou
1260 4188 1439 4278 Imperato-

188 4277 314 4348 riorum
332 4277 559 4381 jumentorum
571 4279 739 4367 insignia:
764 4280 929 4348 Similiter
939 4279 1039 4348 etiam
1051 4277 1273 4367 Imperatoria
1296 4284 1440 4366 sceptra,

189 4367 299 4436 omnia
321 4387 429 4454 sagus,
453 4366 566 4448 bauto,
579 4366 772 4454 reliquaque
788 4369 1024 4457 Imperatoriae
1032 4365 1223 4456 MaJestatis
1234 4369 1440 4446 ornamento,

188 4465 224 4524 ct
245 4455 418 4560 potentiam
440 4462 575 4524 nostrae
598 4454 750 4542 gloriam.
772 4456 914 4547 Insuper
938 4455 1113 4536 sancimus,
1137 4460 1177 4522 ut
1207 4452 1274 4522 viri
1311 4451 1442 4540 religio·

187 4544 322 4624 eissrmi,
346 4541 469 4612 Clerici
493 4544 674 4612 multorum
697 4545 859 4626 ordinum,
884 4543 941 4632 qui
964 4543 1072 4612 eidem
1104 4547 1242 4610 sanotae
1272 4543 1442 4610 Romanae

188 4630 360 4702 Ecclesiae
382 4630 587 4713 deserviunt,
612 4639 783 4714 ornentur,
817 4641 852 4700 ct
887 4633 1032 4700 habeant
1069 4630 1162 4696 illam
1197 4630 1438 4702 sublimitatem

186 4731 222 4788 et
246 4719 538 4810 magnificentiam,
563 4744 629 4807 qua
652 4729 792 4789 ornatus
815 4731 867 4790 est
889 4742 1030 4806 magona
1052 4725 1166 4784 noster
1189 4717 1342 4792 Senatus,
1380 4717 1439 4786 Pa·
