3426 5368
868 365 932 458 ma

240 591 381 650 'tamen
405 584 586 648 innumeris
609 583 842 669 propemodum
880 583 1025 668 negotiis
1063 603 1178 650 vacare
1203 588 1370 661 tenentur,
1396 605 1436 646 ne
1461 603 1525 668 pro

269 671 420 739 Ecclesia
443 693 507 736 non
533 669 641 736 minus
671 692 770 757 quam
809 677 898 736 statu
930 671 1062 757 publico
1108 669 1198 736 tanti
1222 670 1379 736 momenti
1403 692 1526 736 causac

271 759 529 824 matrimoniales
575 781 698 822 moram
743 762 924 844 patiantur,
972 758 1125 846 expedire
1171 757 1280 824 visum
1327 763 1378 823 est
1411 763 1453 823 nt
1489 760 1524 822 in

271 847 474 914 dioecesibus
520 845 758 912 catholicorum
804 846 994 910 Austriacis
1039 851 1139 934 prout
1174 844 1244 931 jam
1267 848 1423 912 antesin
1449 845 1525 910 aliis

270 937 399 1021 Regula
424 933 578 1013 invaluit,
604 956 623 998 a
647 932 1068 1020 consuetisepisccpalibus
1087 933 1313 1014 Consistoriis,
1324 933 1524 1000 distinctum

269 1023 429 1090 Tribunal
455 1044 514 1108 pro
538 1022 1240 1090 causismatrimonialibusintroduceretur
1264 1023 1325 1086 sub
1350 1021 1539 1106 praesidio

270 1109 431 1178 Officialis
455 1132 513 1174 seu
537 1109 658 1174 Vicarii
683 1131 855 1174 causarum
880 1111 1172 1175 matrimonialium
1197 1109 1385 1189 Auditoris,
1426 1115 1523 1186 cujus

293 1221 407 1264 araone
431 1199 536 1262 relate
560 1197 600 1260 ad
622 1196 783 1282 judicium
809 1219 881 1264 cum
900 1198 1061 1284 Episcopi
1098 1197 1242 1262 identioa
1267 1197 1322 1277 sit,
1347 1223 1366 1259 a
1389 1219 1454 1284 quo
1479 1197 1525 1263 ad

269 1223 469 1374 Episcopum
494 1285 662 1372 appellata
687 1309 749 1349 non
775 1285 881 1365 detur,
907 1287 970 1350 nisi
988 1286 1085 1372 juxta
1109 1289 1136 1368 ξ.
1172 1285 1244 1352 178.
1268 1285 1521 1364 instructionis

269 1383 446 1462 antequam
470 1377 636 1438 sententia
682 1373 819 1452 feratur,
855 1374 1003 1438 tribunal
1040 1373 1283 1439 matrimoniale
1306 1395 1353 1453 ea,
1379 1376 1409 1436 in
1435 1395 1523 1458 quae

270 1463 472 1529 decernenda
519 1463 695 1540 consensit,
741 1460 906 1548 Episcopo
942 1461 1110 1547 adjunctis
1145 1462 1313 1536 rationum
1345 1461 1523 1525 momentis

269 1549 473 1638 subjicienda
498 1548 613 1632 habet3
639 1549 694 1634 qui
726 1549 855 1634 quando
886 1550 1087 1614 sententiam
1123 1549 1292 1614 ferendam
1316 1548 1405 1613 haud
1429 1547 1523 1612 suffi-

269 1639 394 1704 cienter
417 1636 589 1701 fundatam
615 1658 686 1702 esse
710 1645 851 1715 censeat,
877 1636 1050 1702 Tribunali
1081 1637 1317 1702 matrimoniali
1342 1635 1521 1722 injungere

267 1733 389 1814 potest,
413 1735 453 1789 ut
477 1725 742 1790 circumstantias
772 1725 813 1788 ab
852 1725 923 1812 ipso
959 1725 1122 1791 indicatas
1161 1726 1267 1790 denuo
1294 1731 1422 1788 mature
1447 1746 1521 1810 per-

267 1814 403 1901 pendat,
428 1821 459 1877 01
486 1813 524 1877 (10
549 1811 829 1878 consultationum
855 1813 1018 1877 resultato
1057 1813 1098 1876 ad
1128 1813 1236 1900 ipsum
1260 1813 1394 1878 referat.
1420 1812 1520 1878 Prae·

269 1903 332 1967 sidi
357 1901 398 1966 ad
436 1901 594 1966 Tribunal
642 1899 908 1964 constituendum
956 1900 1187 1986 adjunguntur
1222 1923 1280 1986 per
1314 1900 1519 1988 Episcopum

270 1991 438 2055 minimum
460 1995 612 2072 quatuor,
636 1987 813 2074 plurimum
838 2011 894 2054 sex
926 1988 1107 2056 consiliarii
1155 1988 1336 2054 referentes
1361 1994 1439 2054 voto
1466 1988 1519 2052 de-

268 2079 370 2145 cisivo
415 2076 599 2160 gaudentes
635 2075 722 2140 omni
768 2083 922 2165 respectu
954 2076 1074 2156 idonci,
1111 2077 1191 2140 item
1215 2075 1268 2142 vir
1290 2074 1438 2154 idoneus,
1464 2076 1520 2160 qui

267 2165 459 2254 impeditum
496 2165 638 2248 aliquem
684 2163 920 2229 Consiliarium
954 2163 1107 2251 supplere
1138 2168 1248 2250 queat,
1282 2171 1363 2230 tunc
1385 2169 1518 2229 tantum

145 2261 148 2270 ⁴
269 2265 347 2319 voto
370 2251 527 2339 gaudens,
575 2257 674 2338 atque
719 2251 927 2317 Secretarius
962 2274 1018 2317 seu
1055 2252 1216 2318 Notarius
1253 2251 1446 2319 Tribunalis
1478 2253 1516 2337 (ξ.

242 2441 245 2448 ι
268 2343 318 2408 97.
344 2341 461 2425 Instr.)

345 2521 379 2615 ξ.
411 2517 502 2598 189.
532 2519 595 2596 Ι)0
625 2514 790 2596 vinculi
829 2517 1162 2598 matrimonialis
1190 2517 1440 2597 Defensore.

362 2665 401 2730 In
427 2662 514 2728 omni
538 2661 714 2726 Tribunali
762 2663 998 2726 matrimoniali
1036 2663 1152 2728 adessa
1177 2663 1274 2728 debet
1298 2663 1517 2730 0100011100-

267 2751 465 2819 trimonialis
510 2750 673 2814 Defensor
697 2749 831 2814 idoneus
866 2773 925 2836 per
963 2750 1163 2838 Episcopum
1189 2751 1418 2830 nominandus
1445 2753 1517 2818 sine

269 2841 362 2928 cujus
387 2839 575 2926 praesentia
611 2837 723 2901 nullus
758 2845 853 2903 actus
884 2837 1053 2924 judicialis
1086 2839 1215 2904 validus
1247 2846 1307 2904 est.
1354 2839 1519 2906 Defensor

267 2925 471 2994 matrimonii
494 2925 585 2990 etin
609 2926 754 2988 muneris
776 2927 939 3009 ingressu,
965 2935 998 2991 et
1021 2928 1152 3014 quoties
1182 2927 1385 2993 matrimonii
1411 2930 1517 3014 cujus-

268 3019 341 3080 dam
368 3014 511 3078 valorem
537 3013 697 3076 tuendum
718 3012 867 3102 suscipit,
904 3014 1014 3096 iurare
1051 3021 1193 3094 tenetur,
1219 3037 1254 3080 se
1277 3013 1397 3095 omnia,
1434 3039 1517 3104 quae

268 3105 309 3170 ad
334 3101 536 3168 matrimonii
562 3099 727 3166 vinculum
776 3103 973 3166 servandum
1021 3103 1129 3169 faeere
1161 3109 1310 3190 possunt,
1337 3102 1519 3188 diligenter

268 3193 516 3281 exploraturum
540 3197 574 3253 et
598 3187 639 3253 ad
663 3190 769 3274 ipsum
807 3189 966 3254 tuendum
1002 3191 1148 3256 fideliter
1182 3191 1412 3256 adhibiturum
1437 3193 1516 3258 fore.

267 3280 459 3347 Tribunalis
484 3278 684 3343 sessionibus
708 3278 853 3342 intersit.
878 3276 934 3341 Ad
957 3287 1069 3364 partes
1094 3279 1284 3359 audiendas,
1313 3277 1355 3342 ad
1380 3282 1517 3345 testium

268 3367 482 3455 'depositionis
506 3363 723 3450 excipiendas,
749 3387 924 3449 omnesque
957 3373 1051 3431 actus
1086 3367 1268 3452 judiciales,
1302 3368 1411 3449 quoad
1435 3389 1517 3456 quos
1566 3448 1568 3452 .

267 3480 344 3522 suas
368 3454 562 3522 reflexiones
585 3454 711 3519 sincere
735 3453 910 3518 enunciare
935 3454 1042 3534 debet,
1068 3462 1251 3520 concurrat.
1291 3453 1381 3520 Voto
1405 3462 1518 3522 tamen

267 3543 502 3611 adferendam
526 3542 725 3606 sententiam
751 3565 813 3605 non
840 3542 974 3626 gaudet.
1010 3544 1050 3627 (ξ
1077 3543 1149 3608 124.
1176 3550 1210 3608 et
1234 3543 1305 3607 125.
1329 3541 1450 3632 Instr.)

318 3727 353 3820 ξ.
386 3722 477 3803 190.
507 3723 570 3800 De
599 3718 852 3799 Tribunalis
880 3720 1213 3801 matrimonialis
1241 3719 1394 3800 ordine
1424 3723 1468 3800 et

685 3846 798 3926 serie
827 3848 1106 3948 agendorum.

364 4017 585 4105 Quaecunque
609 4019 697 4082 Acta
722 4040 847 4096 causas,
873 4016 1134 4082 matrimoniales
1169 4015 1401 4081 concernentia
1427 4035 1516 4101 praa·

267 4113 362 4172 senta
384 4130 443 4194 per
466 4105 655 4171 Praesidem
680 4104 847 4191 adscripta
881 4105 1070 4169 Protocollo
1094 4105 1141 4170 sio
1166 4102 1253 4169 dicto
1277 4101 1515 4167 Exhibitorum

267 4216 325 4281 per
348 4193 570 4260 Secretarium
584 4192 776 4258 Tribunalis
793 4193 1028 4257 inscribuntur.
1045 4191 1270 4258 Protocollum
1292 4189 1514 4255 exhibitorum

267 4306 284 4348 0
308 4283 521 4365 sequentibus
545 4281 686 4346 rubricis
711 4288 862 4346 constet:
889 4281 921 4367 1)
960 4279 1051 4346 Nrus
1076 4302 1210 4346 currens
1234 4303 1253 4343 a
1278 4278 1295 4342 1
1316 4300 1334 4341 a
1359 4277 1515 4344 Januarii

266 4393 369 4458 usque
396 4372 488 4435 tinem
513 4370 704 4436 Decembris
729 4392 747 4433 a
772 4369 823 4432 1-0
847 4367 1100 4433 coritinuandus
1126 4368 1159 4450 2)
1185 4366 1268 4449 Quis
1281 4363 1457 4431 exhibuit?
1481 4371 1514 4430 et

267 4458 345 4544 quid
369 4458 568 4523 contineat?
613 4457 647 4540 3)
682 4457 762 4522 Dies
801 4463 834 4522 01
867 4458 1018 4520 meritum
1044 4455 1319 4540 pertractationis
1375 4455 1411 4539 4)
1437 4454 1514 4520 Dies

267 4545 495 4634 expeditionis.
543 4545 577 4634 ὅ)
610 4545 736 4611 Nomen
784 4544 984 4610 Referentis.
1031 4543 1114 4608 Post
1160 4542 1513 4630 improtooollatiouem

266 4638 438 4714 Actorum,
463 4634 670 4700 Praesidium
694 4656 777 4720 quae
801 4655 860 4698 sua
883 4643 962 4697 sunt
997 4633 1059 4697 sibi
1093 4639 1251 4711 reservat,
1275 4631 1404 4717 reliqua
1429 4629 1514 4695 Acta

267 4723 441 4790 distribuit
464 4724 551 4787 inter
575 4722 771 4787 Referemus
795 4720 987 4785 Tribunclis
1005 4719 1228 4799 Consiliarios,
1249 4719 1364 4785 habita
1386 4719 1514 4784 ratione
