3420 5358
882 389 948 453 240

292 607 431 694 majores
466 608 607 675 Ordines
652 605 767 675 latinis
811 611 1024 676 caeremoniis
1056 609 1117 676 sibi
1143 608 1367 686 conferantur,
1392 608 1422 670 is
1445 613 1533 670 ante·

290 715 388 780 quam
433 695 659 764 subdiaconus
704 697 885 778 ordinetur,
922 703 992 764 tres
1025 699 1167 762 minores
1212 694 1353 762 Ordines
1393 693 1536 770 ,omissos

292 780 521 869 (Acolytatus,
545 785 758 866 Ostiariatus,
794 792 829 852 et
859 785 1106 870 Exoroistatus)
1141 783 1239 851 debet
1262 783 1333 848 ritu
1355 781 1461 847 latino
1484 803 1536 846 su·

291 869 426 956 ccipere.
451 869 485 937 Si
510 893 587 937 vero
610 873 744 959 praeter
788 874 939 939 Lectoris
985 873 1143 940 Ordinem
1178 871 1219 936 ad
1251 870 1533 938 Subdiaconatum

238 1018 245 1034 ,
291 960 391 1028 ctiam
413 981 532 1043 graeco
555 960 625 1026 ritu
649 960 807 1042 ascendit,
832 969 866 1027 et
898 983 938 1028 ex
972 960 1220 1049 dispensatione
1243 960 1370 1046 pariter
1393 957 1536 1044 Aposto-

247 1093 251 1103 .
291 1045 355 1112 lica
378 1045 523 1113 facultas
545 1047 609 1113 sibi
631 1048 721 1113 facta
745 1049 791 1114 sit
814 1056 941 1116 ceteros
954 1048 1094 1116 Ordines
1116 1049 1186 1113 ritu
1206 1047 1309 1112 latino
1323 1044 1537 1131 suscipiendi,

292 1141 468 1221 antequam
491 1137 579 1201 inter
601 1135 766 1202 Diaconos
805 1145 988 1224 cooptetur,
1020 1136 1270 1204 Exoroistatum
1307 1132 1538 1200 tantummodo

291 1229 445 1308 supplere
467 1223 619 1310 cogitur3
645 1246 716 1290 cum
740 1247 800 1311 per
829 1224 1110 1292 Subdiaconatum
1131 1245 1250 1310 graeco
1273 1221 1345 1287 ritu
1367 1220 1537 1299 collatum,

291 1310 522 1397 Acolytatum,
547 1326 581 1376 et
604 1311 824 1378 Ostiariatum
846 1316 1011 1401 recepisse
1038 1321 1222 1380 censeatur.
1247 1310 1339 1376 Idem
1363 1307 1539 1389 dicendum

293 1399 333 1462 de
355 1419 402 1477 eo,
427 1399 483 1485 qui
508 1420 573 1464 una
597 1421 669 1466 cum
693 1399 830 1488 reliquis
853 1401 1065 1468 inferioribus
1100 1399 1282 1466 Ordinibus
1306 1397 1538 1474 Diaconatum,

292 1493 352 1550 aut
376 1485 477 1550 etiam
500 1487 776 1574 Presbyteratum
808 1511 926 1574 graece
960 1489 1116 1577 suscepit,
1140 1494 1175 1554 et
1197 1487 1304 1566 latino
1327 1491 1445 1573 postea
1468 1485 1541 1549 ritu

188 1611 193 1618 ·
292 1573 333 1636 ad
357 1594 484 1640 sacrum
507 1575 768 1662 Presbyteratus
792 1576 949 1642 Ordinem
978 1584 1038 1644 aut
1070 1577 1309 1664 Episcopatum
1343 1593 1539 1661 promoven-

293 1659 355 1726 dus
378 1660 423 1726 sit
446 1683 488 1726 ex
500 1663 938 1749 Apostolicaconcessione;
963 1666 1117 1730 nimirum
1135 1663 1368 1728 Exercistatus
1380 1659 1539 1726 Ordinem

292 1749 326 1812 in
350 1747 433 1837 ipso,
456 1758 634 1837 autequam
657 1751 841 1840 Presbyter
865 1753 1047 1834 ordinetur,
1078 1759 1138 1818 aut
1160 1751 1347 1838 Episcopus
1370 1770 1539 1814 consecre-

292 1841 358 1916 tur,
383 1858 454 1904 esse
484 1838 712 1928 supplendum.

445 2017 480 2111 ἓ.
509 2015 576 2096 84.
605 2017 667 2096 De
694 2018 878 2099 Materia
920 2020 964 2099 ct
999 2017 1155 2099 Forma
1191 2017 1380 2098 Ordinis.

386 2160 529 2227 Materia
553 2163 755 2227 Sacramenti
781 2163 917 2228 Ordinis
938 2147 993 2230 est
1030 2187 1183 2233 manuum
1207 2163 1388 2253 impositio,
1413 2161 1537 2229 Forma

293 2269 371 2313 vero
395 2255 475 2313 sunt
493 2249 664 2316 Ecclesiae
687 2272 809 2337 preces,
842 2251 961 2335 quibus
995 2254 1170 2319 invocatur
1204 2259 1239 2318 et
1262 2251 1364 2318 datur
1387 2249 1537 2338 Spiritus

293 2334 435 2402 Sanctus
456 2336 554 2424 juxta
576 2337 784 2424 Euohologia
829 2338 1041 2420 Graecorum,
1075 2364 1167 2430 quas,
1204 2362 1298 2406 sacra
1321 2337 1424 2405 Sedes
1447 2338 1539 2424 Apo·

293 2424 410 2490 stolica
433 2447 498 2489 non
523 2426 617 2491 modo
639 2425 791 2492 ,idoneam
830 2427 969 2493 formam
1010 2428 1217 2496 Sacramenti
1240 2426 1448 2494 constituere
1471 2447 1540 2491 non

293 2513 525 2594 controvertit,
572 2513 651 2601 quin
689 2515 802 2602 potius
836 2514 934 2602 juxta
966 2516 1078 2583 eadem
1111 2515 1317 2602 Euchologia
1354 2513 1543 2602 approbata

294 2598 439 2667 Graecos
463 2601 609 2668 ordinari
638 2603 810 2692 praecipit.

325 2779 331 2786 '
423 2783 460 2876 ἕ.
487 2778 554 2859 85.
583 2780 652 2858 De
680 2779 880 2861 Ministro
921 2781 1186 2862 Sacramenti
1219 2778 1409 2862 Ordinis

387 2923 542 2989 Minister
551 2925 756 2990 Sacramenti
769 2926 905 2992 Ordinis
918 2935 970 2993 est
983 2927 1167 3015 Episcopus
1180 2928 1304 3016 proprii
1322 2929 1417 3022 ritae,
1432 2925 1542 3011 quoad

294 3014 387 3094 quem
409 3013 573 3077 notandae
597 3021 676 3077 sunt
699 3023 873 3102 sequentes
897 3017 1055 3099 regulae:
1081 3016 1115 3104 1)
1139 3016 1314 3081 Hominem
1335 3015 1436 3080 unius
1453 3015 1541 3080 ritus

293 3122 359 3164 non
382 3122 478 3186 posse
500 3099 591 3167 licite
614 3102 654 3166 ab
678 3103 817 3168 alterius
841 3104 928 3168 ritus
959 3102 1124 3192 Episcopo
1156 3103 1311 3170 ordinari.
1336 3103 1371 3190 2)
1398 3101 1538 3168 Ordina-

294 3195 365 3252 tum
388 3189 430 3253 ab
453 3188 592 3255 alterius
616 3191 701 3256 ritus
735 3191 898 3279 Episcopo
944 3214 1139 3278 suspensum
1178 3213 1319 3270 manere,
1345 3213 1383 3256 ac
1408 3191 1458 3256 ita
1483 3191 1539 3255 mi-

294 3275 492 3342 nistrantem
516 3276 589 3342 fieri
612 3279 837 3364 irregularem.
884 3283 918 3364 3)
945 3277 1038 3346 idem
1070 3278 1245 3346 dicendum
1267 3280 1297 3344 si
1321 3279 1393 3345 sine
1416 3281 1540 3366 proprii

293 3363 450 3451 Episcopi
484 3364 693 3432 vdimissoriis
738 3367 918 3433 ordinetur.
953 3366 988 3452 4)
1020 3368 1159 3456 Requiri
1195 3369 1476 3454 dispensationem
1500 3367 1541 3432 ab

293 3453 489 3538 Apostolica
512 3452 606 3534 Sede,
629 3462 668 3519 ut
693 3456 766 3539 quis
789 3455 855 3520 rite
878 3456 919 3519 ab
943 3456 1043 3521 alieni
1067 3463 1153 3522 ritus
1165 3457 1330 3544 Episcopo
1355 3454 1541 3521 ordinetur.

294 3539 329 3628 5)
353 3540 533 3606 Ordinatos
556 3543 596 3607 ab
621 3541 798 3609 haereticis
822 3550 856 3608 et
879 3543 1101 3610 schismaticis
1114 3552 1248 3610 servata
1265 3544 1378 3610 debita
1396 3543 1536 3609 materia

295 3649 332 3693 ac
355 3627 462 3694 forma
507 3629 617 3694 valide
640 3653 711 3696 esse
742 3632 922 3710 ordinatos,
948 3630 1005 3697 sed
1042 3655 1171 3699 manere
1195 3634 1235 3698 ab
1260 3631 1420 3701 Ordinum
1447 3651 1538 3697 exer·

295 3715 373 3782 citio
397 3739 593 3804 suspensos;
640 3741 699 3784 nec
737 3742 841 3805 posse,
866 3718 944 3783 dum
966 3720 1002 3785 in
1025 3719 1237 3786 Orthodoxae
1259 3719 1432 3785 Ecclesiae
1456 3741 1539 3784 com·

296 3803 482 3871 munionem
504 3804 721 3893 recipiuntur,
746 3807 886 3873 Ordines
922 3829 1081 3888 exercere,
1108 3810 1171 3874 nisi
1194 3809 1288 3896 prius
1312 3808 1353 3872 ab
1378 3807 1539 3892 irregula-

296 3892 398 3957 ritate
421 3892 663 3980 dispensentur.
688 3894 722 3979 6)
745 3895 885 3960 Demum
909 3901 1090 3983 apostatas,
1119 3904 1153 3962 et
1177 3897 1219 3960 ad
1243 3896 1405 3961 haeresim
1430 3898 1541 3982 lapsos

296 3979 374 4045 dum
396 3980 439 4046 ad
461 3981 645 4047 Ecclesiam
667 3981 809 4048 redeunt
832 4006 896 4048 non
920 4006 991 4048 esse
1029 3983 1150 4050 iterum
1180 3983 1393 4063 ordinandos,
1419 3985 1541 4071 quippe

296 4090 337 4134 ex
359 4068 497 4150 haeresi,
522 4069 576 4134 vel
599 4071 767 4157 apostasia
792 4093 855 4134 non
880 4071 1050 4136 amittitur
1084 4073 1182 4154 Ordo,
1213 4071 1424 4138 indelebilem
1447 4092 1543 4156 prae·

296 4156 400 4222 sefert
431 4157 664 4224 characterem.

296 4338 331 4432 §-
359 4335 427 4417 86.
454 4335 698 4438 Disciplina
724 4335 943 4415 Ecclesiae
971 4335 1207 4417 Orientalis
1244 4338 1360 4418 circa
1387 4337 1532 4418 Sacra-

394 4466 584 4546 mentum
611 4462 888 4562 Matrimonii,
926 4463 1191 4544 Matrimonii
1219 4462 1437 4544 Definitio.

391 4634 641 4702 Matrimonium
665 4633 893 4701 Orientalibus
917 4641 969 4702 est
992 4633 1181 4722 conjunctio
1205 4633 1306 4700 maris
1329 4637 1364 4699 et
1388 4632 1539 4714 feminae,

298 4729 332 4790 et
355 4722 459 4791 omnis
482 4726 572 4791 vitae
595 4724 806 4805 consortium,
831 4722 935 4792 divini
960 4731 994 4790 et
1015 4722 1153 4790 humani
1166 4722 1252 4809 juris
1274 4719 1537 4802 communicatio,
