3476 5366
741 325 944 431 mr...

215 654 251 748 ξ.
283 651 376 734 119.
404 653 585 734 Limites
605 654 899 757 legislationis
913 653 1185 756 Episcopalis
1211 653 1259 734 in
1287 652 1459 754 Synodo

685 779 985 882 dioecesana·¹)

308 923 452 991 Etiamsi
474 921 660 1013 Episcopus
695 925 950 992 consuetudines
984 923 1231 991 irrationabiles
1262 925 1387 1018 populi,
1410 931 1460 992 at·

216 1034 281 1101 quc
304 1013 415 1080 minus
439 1012 599 1080 salutaria
623 1019 754 1080 statuta
778 1013 830 1080 sui
852 1013 1086 1080 Antecessoris
1098 1012 1221 1097 absque
1239 1013 1460 1081 haesitatione

210 1100 332 1168 tollere
354 1102 481 1189 possit;
505 1106 622 1168 caveat
645 1108 755 1167 tamen
780 1102 818 1185 o)
851 1125 892 1167 ne
926 1099 1186 1189 praecipitanter
1219 1107 1309 1188 agat,
1333 1124 1459 1170 neves

210 1189 313 1256 nimio
351 1189 463 1255 studio
494 1189 655 1278 pristinae
695 1189 888 1278 disciplinae
932 1188 1139 1256 revehendae
1186 1189 1327 1276 abroget
1358 1191 1460 1257 etiam

208 1277 303 1365 justa
326 1276 556 1344 Antecessoris
580 1278 632 1344 sui
656 1283 786 1344 statuta
801 1281 848 1364 Ε);
873 1281 905 1364 b)
930 1299 969 1344 ne
985 1276 1194 1345 introducere
1208 1277 1292 1344 velit
1317 1299 1459 1346 canones

211 1363 265 1432 vel
289 1385 396 1430 mores
420 1387 584 1453 nunqnam
607 1370 768 1453 receptos,
786 1367 839 1432 vel
858 1366 1001 1432 feliciter
1012 1365 1163 1445 abolitos,
1189 1387 1271 1432 neve
1283 1366 1460 1434 resuscitet

209 1451 324 1540 legum
347 1452 559 1540 antiquarum
581 1453 735 1540 rigorem,
759 1455 789 1520 si
811 1453 865 1521 hic
887 1453 1126 1541 posterioribus
1144 1453 1275 1540 legibus
1299 1458 1351 1520 est
1372 1455 1459 1520 miti-

208 1547 327 1628 gatns3
352 1543 383 1628 c)
407 1562 448 1607 ne
469 1541 724 1629 promulgentur
746 1541 1004 1609 constitutiones
1027 1540 1240 1628 prohibentes
1256 1542 1389 1623 abusus,
1402 1543 1459 1632 qui

208 1629 244 1694 in
268 1627 422 1695 Dioecesi
445 1651 510 1695 non
535 1633 793 1714 occurrunt3d)
825 1651 890 1696 non
926 1629 1062 1695 suntin
1087 1629 1222 1717 Synodo
1261 1630 1460 1698 decidendae

209 1717 457 1784 controversiae
480 1716 688 1804 theologicae
703 1717 848 1784 nondum
864 1717 1032 1793 definitae,
1056 1719 1232 1805 praecipue
1244 1719 1459 1807 respicientes

208 1810 440 1890 sacramenta;
465 1803 519 1872 vel
550 1805 723 1893 juridicae,
758 1805 974 1893 respicientes
1009 1803 1204 1871 relationem
1246 1807 1335 1875 inter
1368 1813 1460 1895 pote·

207 1897 336 1960 statem
358 1893 614 1960 ecclesiasticam
637 1899 671 1960 et
694 1894 842 1979 civilem;
866 1896 896 1979 e)
920 1893 969 1959 nil
991 1893 1215 1977 statuendum,
1239 1895 1327 1980 quod
1349 1901 1460 1962 ancto-

207 1981 310 2048 ritati
333 1987 368 2048 et
385 1981 517 2068 juribus
540 1981 636 2048 Sedis
659 1982 885 2069 Apostolioae‚
905 1981 973 2068 juri
997 1982 1170 2062 communi,
1190 1982 1288 2049 bonis
1302 1982 1458 2065 moribus,

206 2069 509 2136 constitutionibus
532 2068 743 2151 Pontificum,
766 2069 949 2158 privilegiis
971 2066 1200 2155 Regularium,
1226 2070 1459 2138 consuetudini

206 2157 403 2237 universali,
427 2158 481 2224 vel
504 2157 656 2224 Decretis
679 2158 805 2244 Synodi
828 2157 1044 2247 provincialis
1067 2157 1265 2225 adversatur
1273 2183 1281 2245 3
1296 2161 1338 2248 f)
1364 2159 1458 2225 nulla

205 2244 414 2312 consuetudo
437 2245 494 2312 SS.
520 2245 718 2326 canonibus,
756 2246 808 2312 vel
843 2246 1137 2313 constitutionibus
1170 2247 1363 2336 apostolicis
1387 2269 1460 2314 con·

205 2333 318 2399 traria
342 2333 473 2400 etiamsi
496 2332 707 2400 rationabilis
731 2340 766 2401 et
789 2333 946 2401 diuturna
969 2338 1024 2414 sit,
1047 2333 1083 2400 in
1107 2333 1242 2422 Synodo
1264 2334 1459 2403 dioecesana

204 2419 443 2502 confirmanda,
467 2424 659 2510 priusquam
697 2421 785 2488 sedis
818 2422 1034 2510 Apostolicae
1067 2444 1182 2489 sensus
1205 2423 1401 2509 exquiratur
1423 2431 1459 2490 et

204 2512 423 2594 innotescat,
445 2513 484 2597 g)
507 2510 557 2576 nil
589 2509 830 2597 prohibendum
863 2510 949 2599 quod
978 2511 1034 2598 jus
1068 2532 1236 2578 commune
1267 2511 1456 2600 permittit3

203 2603 241 2684 b)
268 2618 374 2686 poena
396 2598 597 2686 pecuniaria,
622 2604 656 2664 et
679 2599 855 2686 praecipue
878 2598 1224 2666 excommunicationis
1244 2599 1384 2666 statutis
1396 2597 1458 2687 Sy·

202 2684 285 2753 nodi
311 2684 523 2754 dioecesanae
553 2684 722 2752 rarissime
751 2685 955 2774 apponenda.

258 2887 298 2983 §.
331 2883 423 2967 120.
449 2885 613 2985 Modus,
641 2911 727 2990 quo
755 2889 920 2969 statuta
943 2886 1109 2991 Synodi
1122 2887 1406 2970 dioecesanae

728 3014 944 3095 feruntur.

305 3156 577 3225 Praemittnntur
599 3163 881 3247 congregationes,
906 3181 991 3248 quse
1021 3159 1214 3248 plerumque
1235 3156 1401 3224 habentur
1422 3159 1457 3223 in

200 3269 220 3314 e
246 3245 388 3334 iscopali
410 3246 547 3334 palatio,
572 3247 607 3313 in
631 3249 749 3332 quibus
773 3248 999 3316 discutiuntur
1021 3252 1054 3314 in
1078 3245 1213 3336 Synodo
1238 3243 1453 3312 decernanda.

234 3335 393 3423 piscopus
416 3333 525 3425 quoad
548 3356 596 3416 ea,
620 3357 704 3424 qnae
739 3337 919 3404 statuenda
952 3341 1041 3416 sunt,
1074 3335 1167 3423 prius
1191 3333 1328 3422 capituli
1352 3332 1456 3400 consi-

199 3423 289 3488 lium
313 3423 480 3508 requirere
503 3429 648 3505 tenetur,
672 3427 822 3510 quamvis
845 3425 927 3491 illud
951 3424 1044 3513 sequi
1074 3445 1139 3489 non
1163 3422 1340 3508 obligetur,
1363 3442 1456 3509 prac-

201 3517 359 3598 terqnam
391 3514 425 3577 in
461 3511 593 3577 casibus
624 3511 697 3600 jure
733 3516 905 3601 expressis.
930 3513 964 3584 si
988 3535 1030 3579 ue
1059 3512 1243 3599 Episcopus
1266 3507 1455 3576 inconsulto

200 3599 366 3687 Capitulo
389 3621 494 3666 novas
517 3601 774 3669 constitutiones
809 3602 844 3667 in
875 3536 1010 3690 Synodo
1034 3601 1157 3680 ederet,
1181 3599 1269 3678 illae,
1293 3601 1412 3685 utpote
1434 3618 1454 3662 a

201 3707 323 3754 norma
341 3685 418 3772 jure
440 3688 648 3775 praescripta
668 3687 868 3769 deficientes,
880 3689 1042 3757 firmitate
1064 3693 1234 3771 carerent;
1258 3705 1455 3773 quamquam

200 3777 231 3842 si
257 3773 370 3860 justae
393 3780 427 3840 et
449 3775 670 3843 rationabiles
686 3785 806 3859 essent,
831 3801 850 3843 a
874 3799 968 3845 sacra
981 3776 1104 3844 Concil.
1124 3775 1284 3862 Congreg.
1304 3773 1455 3840 Romana

201 3861 413 3930 convalidari
436 3871 581 3950 possent.
616 3864 763 3952 Expedit
797 3867 908 3946 etiam,
946 3871 986 3932 ut
1013 3865 1199 3953 Episcopus
1223 3861 1454 3929 sciscitetura

199 3951 360 4030 Bacenis,
383 3949 557 4034 Parocbis,
588 3950 765 4040 Theologis
806 3961 840 4020 et
874 3953 1066 4022 Oanouistis
1089 3952 1217 4040 peritis,
1241 3970 1325 4039 quaa
1348 3951 1454 4015 statu·

200 4038 302 4118 enda,
340 4038 544 4125 corrigenda,
580 4046 615 4108 et
647 4041 770 4108 abusus
802 4042 963 4130 quomodo
997 4038 1164 4108 tollendi?
1187 4035 1453 4107 constitutiones

200 4124 338 4215 Synodi
358 4124 570 4194 dioecesanae
603 4128 644 4193 de
674 4130 751 4216 jure
785 4130 966 4196 subscribit
1001 4128 1067 4196 nisi
1089 4127 1286 4216 Episcopus,
1335 4130 1453 4191 ossunt

199 4226 318 4282 tamen
332 4214 538 4282 subscribere
561 4223 596 4283 ct
611 4215 687 4285 alii:
711 4218 967 4306 promulgantur
978 4217 1171 4284 solemniter
1189 4216 1225 4282 in
1248 4147 1453 4280 celehrandis

199 4308 240 4372 in
265 4303 391 4390 templo
414 4303 627 4386 sessionibus,
667 4312 701 4374 et
734 4328 809 4374 mox
842 4306 1006 4394 publicari
1035 4310 1186 4393 possunt,
1209 4302 1288 4392 quin
1313 4300 1454 4368 debeant

197 4415 264 4484 pro
289 4391 455 4461 revisiono
478 4399 512 4460 et
534 4394 772 4482 approbatione
795 4395 837 4461 ad
859 4399 1058 4482 potestatem
1089 4391 1221 4460 civilem
1244 4391 1298 4460 vel
1321 4412 1346 4457 s.
1370 4387 1452 4458 con-

200 4532 414 4544 --—---—

348 4615 392 4670 ide
410 4616 569 4688 Pornbszky
587 4633 648 4688 pag.
669 4618 730 4673 449.

375 4687 416 4745 19.
437 4689 464 4744 C.
485 4689 520 4743 25
549 4707 574 4758 q.
594 4690 618 4742 2.
