<?xml version="1.0" encoding="UTF-8"?>
<!DOCTYPE html PUBLIC "-//W3C//DTD XHTML 1.0 Transitional//EN"
    "http://www.w3.org/TR/xhtml1/DTD/xhtml1-transitional.dtd">
<html xmlns="http://www.w3.org/1999/xhtml" xml:lang="en" lang="en">
 <head>
  <title>
</title>
<meta http-equiv="Content-Type" content="text/html;charset=utf-8" />
  <meta name='ocr-system' content='tesseract 3.04.00' />
  <meta name='ocr-capabilities' content='ocr_page ocr_carea ocr_par ocr_line ocrx_word'/>
</head>
<body>
  <div class='ocr_page' id='page_1' title='image "./enchiridionjuri00pappgoog_0365.png"; bbox 0 0 3426 5368; ppageno 0'>
   <div class='ocr_carea' id='block_1_1' title="bbox 279 608 1534 1050">
    <p class='ocr_par' dir='ltr' id='par_1_1' title="bbox 279 608 1534 1050">
     <span class='ocr_line' id='line_1_1' title="bbox 280 608 1532 697; baseline 0.003 -25"><span class='ocrx_word' id='word_1_1' title='bbox 280 608 460 697; x_wconf 86' lang='lat' dir='ltr'><strong>depromat,</strong></span> <span class='ocrx_word' id='word_1_2' title='bbox 484 609 542 676; x_wconf 87' lang='lat' dir='ltr'><strong>sed</strong></span> <span class='ocrx_word' id='word_1_3' title='bbox 565 609 727 677; x_wconf 87' lang='lat' dir='ltr'><strong>Referens</strong></span> <span class='ocrx_word' id='word_1_4' title='bbox 751 631 852 697; x_wconf 89' lang='lat' dir='ltr'><strong>usqua</strong></span> <span class='ocrx_word' id='word_1_5' title='bbox 883 611 960 676; x_wconf 90' lang='lat' dir='ltr'><strong>dnm</strong></span> <span class='ocrx_word' id='word_1_6' title='bbox 983 609 1168 678; x_wconf 80' lang='lat' dir='ltr'><strong>reterodam</strong></span> <span class='ocrx_word' id='word_1_7' title='bbox 1193 608 1429 676; x_wconf 75' lang='lat' dir='ltr'>terminaverit</span> <span class='ocrx_word' id='word_1_8' title='bbox 1453 631 1532 676; x_wconf 90' lang='lat' dir='ltr'><strong>cnm</strong></span> 
     </span>
     <span class='ocr_line' id='line_1_2' title="bbox 279 697 1533 786; baseline 0.002 -25"><span class='ocrx_word' id='word_1_9' title='bbox 279 699 464 764; x_wconf 78' lang='lat' dir='ltr'><strong>attentione</strong></span> <span class='ocrx_word' id='word_1_10' title='bbox 504 704 555 764; x_wconf 88' lang='lat' dir='ltr'><strong>est</strong></span> <span class='ocrx_word' id='word_1_11' title='bbox 591 697 785 779; x_wconf 82' lang='lat' dir='ltr'><strong>audiendus,</strong></span> <span class='ocrx_word' id='word_1_12' title='bbox 811 705 846 765; x_wconf 92' lang='lat' dir='ltr'><strong>et</strong></span> <span class='ocrx_word' id='word_1_13' title='bbox 868 697 1077 786; x_wconf 85' lang='lat' dir='ltr'><strong>postmodum</strong></span> <span class='ocrx_word' id='word_1_14' title='bbox 1110 697 1139 762; x_wconf 87' lang='lat' dir='ltr'><strong>si</strong></span> <span class='ocrx_word' id='word_1_15' title='bbox 1171 703 1244 786; x_wconf 87' lang='lat' dir='ltr'><strong>quis</strong></span> <span class='ocrx_word' id='word_1_16' title='bbox 1290 697 1533 766; x_wconf 83' lang='lat' dir='ltr'><strong>clarificatione</strong></span> 
     </span>
     <span class='ocr_line' id='line_1_3' title="bbox 280 784 1532 875; baseline 0.002 -26"><span class='ocrx_word' id='word_1_17' title='bbox 280 807 362 873; x_wconf 90' lang='lat' dir='ltr'><strong>opus</strong></span> <span class='ocrx_word' id='word_1_18' title='bbox 376 784 512 866; x_wconf 75' lang='lat' dir='ltr'><strong>habeat,</strong></span> <span class='ocrx_word' id='word_1_19' title='bbox 536 787 661 873; x_wconf 91' lang='lat' dir='ltr'><strong>poterit</strong></span> <span class='ocrx_word' id='word_1_20' title='bbox 684 808 703 850; x_wconf 89' lang='lat' dir='ltr'><strong>a</strong></span> <span class='ocrx_word' id='word_1_21' title='bbox 726 785 907 853; x_wconf 88' lang='lat' dir='ltr'><strong>Referente</strong></span> <span class='ocrx_word' id='word_1_22' title='bbox 929 785 1110 875; x_wconf 81' lang='lat' dir='ltr'><strong>postulare.</strong></span> <span class='ocrx_word' id='word_1_23' title='bbox 1135 785 1219 852; x_wconf 91' lang='lat' dir='ltr'><strong>Post</strong></span> <span class='ocrx_word' id='word_1_24' title='bbox 1243 787 1323 852; x_wconf 85' lang='lat' dir='ltr'><strong>haec</strong></span> <span class='ocrx_word' id='word_1_25' title='bbox 1345 785 1532 853; x_wconf 88' lang='lat' dir='ltr'><strong>consiliarii</strong></span> 
     </span>
     <span class='ocr_line' id='line_1_4' title="bbox 279 871 1534 1028; baseline 0.002 -90"><span class='ocrx_word' id='word_1_26' title='bbox 279 894 339 960; x_wconf 88' lang='lat' dir='ltr'><strong>per</strong></span> <span class='ocrx_word' id='word_1_27' title='bbox 358 871 548 941; x_wconf 87' lang='lat' dir='ltr'><strong>Praesidem</strong></span> <span class='ocrx_word' id='word_1_28' title='bbox 568 873 667 960; x_wconf 83' lang='lat' dir='ltr'><strong>juxta</strong></span> <span class='ocrx_word' id='word_1_29' title='bbox 691 873 889 960; x_wconf 85' lang='lat' dir='ltr'><strong>dignitatem</strong></span> <span class='ocrx_word' id='word_1_30' title='bbox 910 874 1039 1028; x_wconf 52' lang='lat' dir='ltr'><strong>priores</strong></span> <span class='ocrx_word' id='word_1_31' title='bbox 1060 873 1103 946; x_wconf 85' lang='lat' dir='ltr'><strong>ad</strong></span> <span class='ocrx_word' id='word_1_32' title='bbox 1129 879 1207 940; x_wconf 84' lang='lat' dir='ltr'><strong>vota</strong></span> <span class='ocrx_word' id='word_1_33' title='bbox 1224 896 1284 939; x_wconf 90' lang='lat' dir='ltr'><strong>sua</strong></span> <span class='ocrx_word' id='word_1_34' title='bbox 1310 872 1534 962; x_wconf 83' lang='lat' dir='ltr'><strong>depromenda</strong></span> 
     </span>
     <span class='ocr_line' id='line_1_5' title="bbox 279 960 1532 1050; baseline 0 -24"><span class='ocrx_word' id='word_1_35' title='bbox 279 967 512 1046; x_wconf 85' lang='lat' dir='ltr'><strong>provocantur,</strong></span> <span class='ocrx_word' id='word_1_36' title='bbox 537 966 571 1028; x_wconf 88' lang='lat' dir='ltr'><strong>et</strong></span> <span class='ocrx_word' id='word_1_37' title='bbox 593 961 783 1030; x_wconf 88' lang='lat' dir='ltr'><strong>conclusum</strong></span> <span class='ocrx_word' id='word_1_38' title='bbox 806 985 880 1028; x_wconf 91' lang='lat' dir='ltr'><strong>cnm</strong></span> <span class='ocrx_word' id='word_1_39' title='bbox 943 961 1076 1050; x_wconf 89' lang='lat' dir='ltr'><strong>piscopo</strong></span> <span class='ocrx_word' id='word_1_40' title='bbox 1111 961 1384 1028; x_wconf 86' lang='lat' dir='ltr'><strong>communicatur.</strong></span> <span class='ocrx_word' id='word_1_41' title='bbox 1434 960 1532 1043; x_wconf 77' lang='lat' dir='ltr'><strong>Quod</strong></span> 
     </span>
    </p>
   </div>
   <div class='ocr_carea' id='block_1_2' title="bbox 279 1047 1532 1203">
    <p class='ocr_par' dir='ltr' id='par_1_2' title="bbox 279 1047 1532 1203">
     <span class='ocr_line' id='line_1_6' title="bbox 279 1047 1532 1203; baseline 0.002 -89"><span class='ocrx_word' id='word_1_42' title='bbox 279 1048 308 1114; x_wconf 89' lang='lat' dir='ltr'><strong>si</strong></span> <span class='ocrx_word' id='word_1_43' title='bbox 331 1055 445 1116; x_wconf 90' lang='lat' dir='ltr'><strong>votum</strong></span> <span class='ocrx_word' id='word_1_44' title='bbox 466 1047 658 1116; x_wconf 80' lang='lat' dir='ltr'><strong>Referentis</strong></span> <span class='ocrx_word' id='word_1_45' title='bbox 667 1055 876 1139; x_wconf 88' lang='lat' dir='ltr'><strong>acceptatum</strong></span> <span class='ocrx_word' id='word_1_46' title='bbox 899 1059 934 1116; x_wconf 95' lang='lat' dir='ltr'><strong>et</strong></span> <span class='ocrx_word' id='word_1_47' title='bbox 949 1051 1132 1203; x_wconf 69' lang='lat' dir='ltr'><strong>probatum</strong></span> <span class='ocrx_word' id='word_1_48' title='bbox 1155 1058 1208 1116; x_wconf 91' lang='lat' dir='ltr'><strong>est</strong></span> <span class='ocrx_word' id='word_1_49' title='bbox 1231 1054 1300 1116; x_wconf 86' lang='lat' dir='ltr'><strong>sive</strong></span> <span class='ocrx_word' id='word_1_50' title='bbox 1324 1049 1532 1122; x_wconf 72' lang='lat' dir='ltr'><strong>unanimiter</strong></span> 
     </span>
    </p>
   </div>
   <div class='ocr_carea' id='block_1_3' title="bbox 274 1135 1533 3429">
    <p class='ocr_par' dir='ltr' id='par_1_3' title="bbox 275 1135 1533 2440">
     <span class='ocr_line' id='line_1_7' title="bbox 279 1135 1532 1224; baseline 0.001 -24"><span class='ocrx_word' id='word_1_51' title='bbox 279 1136 352 1203; x_wconf 91' lang='lat' dir='ltr'><strong>sive</strong></span> <span class='ocrx_word' id='word_1_52' title='bbox 374 1157 439 1224; x_wconf 61' lang='lat' dir='ltr'><strong>per,</strong></span> <span class='ocrx_word' id='word_1_53' title='bbox 458 1136 689 1224; x_wconf 80' lang='lat' dir='ltr'><strong>majoritatem,</strong></span> <span class='ocrx_word' id='word_1_54' title='bbox 715 1137 904 1206; x_wconf 85' lang='lat' dir='ltr'><strong>conclusum</strong></span> <span class='ocrx_word' id='word_1_55' title='bbox 927 1161 946 1203; x_wconf 83' lang='lat' dir='ltr'><strong>a</strong></span> <span class='ocrx_word' id='word_1_56' title='bbox 993 1137 1178 1205; x_wconf 85' lang='lat' dir='ltr'><strong>refersdam</strong></span> <span class='ocrx_word' id='word_1_57' title='bbox 1196 1137 1388 1204; x_wconf 84' lang='lat' dir='ltr'><strong>Referentis</strong></span> <span class='ocrx_word' id='word_1_58' title='bbox 1404 1135 1532 1206; x_wconf 86' lang='lat' dir='ltr'><strong>adscri-</strong></span> 
     </span>
     <span class='ocr_line' id='line_1_8' title="bbox 278 1222 1531 1307; baseline 0.001 -18"><span class='ocrx_word' id='word_1_59' title='bbox 278 1222 379 1304; x_wconf 90' lang='lat' dir='ltr'><strong>bitur,</strong></span> <span class='ocrx_word' id='word_1_60' title='bbox 405 1224 594 1302; x_wconf 85' lang='lat' dir='ltr'><strong>videlicet:¹</strong></span> <span class='ocrx_word' id='word_1_61' title='bbox 626 1223 715 1293; x_wconf 87' lang='lat' dir='ltr'><strong>Vota</strong></span> <span class='ocrx_word' id='word_1_62' title='bbox 739 1224 930 1293; x_wconf 88' lang='lat' dir='ltr'><strong>Referentis</strong></span> <span class='ocrx_word' id='word_1_63' title='bbox 963 1225 1113 1294; x_wconf 89' lang='lat' dir='ltr'><strong>tribunal</strong></span> <span class='ocrx_word' id='word_1_64' title='bbox 1137 1225 1302 1307; x_wconf 77' lang='lat' dir='ltr'><strong>accedere,</strong></span> <span class='ocrx_word' id='word_1_65' title='bbox 1329 1233 1531 1294; x_wconf 85' lang='lat' dir='ltr'><strong>servotum</strong></span> 
     </span>
     <span class='ocr_line' id='line_1_9' title="bbox 278 1311 1533 1397; baseline 0.001 -20"><span class='ocrx_word' id='word_1_66' title='bbox 278 1311 320 1377; x_wconf 87' lang='lat' dir='ltr'><strong>ad</strong></span> <span class='ocrx_word' id='word_1_67' title='bbox 344 1313 535 1379; x_wconf 88' lang='lat' dir='ltr'><strong>conclusum</strong></span> <span class='ocrx_word' id='word_1_68' title='bbox 558 1313 724 1381; x_wconf 84' lang='lat' dir='ltr'><strong>elevatum</strong></span> <span class='ocrx_word' id='word_1_69' title='bbox 749 1336 830 1397; x_wconf 88' lang='lat' dir='ltr'><strong>esse,</strong></span> <span class='ocrx_word' id='word_1_70' title='bbox 855 1314 1016 1380; x_wconf 86' lang='lat' dir='ltr'><strong>adnotata</strong></span> <span class='ocrx_word' id='word_1_71' title='bbox 1051 1313 1105 1380; x_wconf 92' lang='lat' dir='ltr'><strong>die</strong></span> <span class='ocrx_word' id='word_1_72' title='bbox 1135 1314 1292 1384; x_wconf 77' lang='lat' dir='ltr'><strong>sessionis</strong></span> <span class='ocrx_word' id='word_1_73' title='bbox 1317 1319 1351 1381; x_wconf 91' lang='lat' dir='ltr'><strong>et</strong></span> <span class='ocrx_word' id='word_1_74' title='bbox 1375 1314 1533 1379; x_wconf 89' lang='lat' dir='ltr'><strong>membris</strong></span> 
     </span>
     <span class='ocr_line' id='line_1_10' title="bbox 278 1400 1533 1489; baseline 0.003 -25"><span class='ocrx_word' id='word_1_75' title='bbox 278 1400 456 1466; x_wconf 83' lang='lat' dir='ltr'><strong>tribunalis</strong></span> <span class='ocrx_word' id='word_1_76' title='bbox 497 1402 737 1489; x_wconf 87' lang='lat' dir='ltr'><strong>praesentibus,</strong></span> <span class='ocrx_word' id='word_1_77' title='bbox 771 1425 845 1468; x_wconf 91' lang='lat' dir='ltr'><strong>cum</strong></span> <span class='ocrx_word' id='word_1_78' title='bbox 877 1401 1111 1481; x_wconf 81' lang='lat' dir='ltr'><strong>observatione</strong></span> <span class='ocrx_word' id='word_1_79' title='bbox 1155 1403 1358 1484; x_wconf 87' lang='lat' dir='ltr'><strong>unanimiter</strong></span> <span class='ocrx_word' id='word_1_80' title='bbox 1392 1401 1448 1468; x_wconf 88' lang='lat' dir='ltr'><strong>vel</strong></span> <span class='ocrx_word' id='word_1_81' title='bbox 1472 1423 1533 1488; x_wconf 88' lang='lat' dir='ltr'><strong>per</strong></span> 
     </span>
     <span class='ocr_line' id='line_1_11' title="bbox 280 1487 1533 1578; baseline 0.002 -27"><span class='ocrx_word' id='word_1_82' title='bbox 280 1487 510 1568; x_wconf 85' lang='lat' dir='ltr'><strong>majoritatem,</strong></span> <span class='ocrx_word' id='word_1_83' title='bbox 546 1511 630 1578; x_wconf 85' lang='lat' dir='ltr'><strong>quse</strong></span> <span class='ocrx_word' id='word_1_84' title='bbox 665 1489 854 1555; x_wconf 86' lang='lat' dir='ltr'><strong>observatio</strong></span> <span class='ocrx_word' id='word_1_85' title='bbox 892 1512 951 1578; x_wconf 88' lang='lat' dir='ltr'><strong>per</strong></span> <span class='ocrx_word' id='word_1_86' title='bbox 985 1489 1174 1556; x_wconf 87' lang='lat' dir='ltr'><strong>Praesidem</strong></span> <span class='ocrx_word' id='word_1_87' title='bbox 1199 1497 1233 1555; x_wconf 84' lang='lat' dir='ltr'><strong>et</strong></span> <span class='ocrx_word' id='word_1_88' title='bbox 1256 1489 1533 1556; x_wconf 88' lang='lat' dir='ltr'><strong>Protocollistam</strong></span> 
     </span>
     <span class='ocr_line' id='line_1_12' title="bbox 280 1575 1532 1659; baseline 0.003 -19"><span class='ocrx_word' id='word_1_89' title='bbox 280 1575 515 1642; x_wconf 88' lang='lat' dir='ltr'><strong>subscribenda</strong></span> <span class='ocrx_word' id='word_1_90' title='bbox 539 1583 601 1644; x_wconf 89' lang='lat' dir='ltr'><strong>est.</strong></span> <span class='ocrx_word' id='word_1_91' title='bbox 638 1576 767 1659; x_wconf 78' lang='lat' dir='ltr'><strong>Quodsi</strong></span> <span class='ocrx_word' id='word_1_92' title='bbox 792 1577 980 1644; x_wconf 88' lang='lat' dir='ltr'><strong>conclusum</strong></span> <span class='ocrx_word' id='word_1_93' title='bbox 1017 1600 1081 1643; x_wconf 90' lang='lat' dir='ltr'><strong>non</strong></span> <span class='ocrx_word' id='word_1_94' title='bbox 1116 1579 1318 1645; x_wconf 88' lang='lat' dir='ltr'><strong>unanimiter</strong></span> <span class='ocrx_word' id='word_1_95' title='bbox 1341 1577 1448 1643; x_wconf 86' lang='lat' dir='ltr'><strong>latum</strong></span> <span class='ocrx_word' id='word_1_96' title='bbox 1473 1577 1532 1657; x_wconf 88' lang='lat' dir='ltr'><strong>sit,</strong></span> 
     </span>
     <span class='ocr_line' id='line_1_13' title="bbox 277 1662 1531 1733; baseline 0.002 -4"><span class='ocrx_word' id='word_1_97' title='bbox 277 1663 311 1729; x_wconf 88' lang='lat' dir='ltr'><strong>in</strong></span> <span class='ocrx_word' id='word_1_98' title='bbox 336 1662 424 1728; x_wconf 87' lang='lat' dir='ltr'><strong>filira</strong></span> <span class='ocrx_word' id='word_1_99' title='bbox 449 1669 588 1732; x_wconf 82' lang='lat' dir='ltr'><strong>rotante</strong></span> <span class='ocrx_word' id='word_1_100' title='bbox 612 1663 803 1732; x_wconf 80' lang='lat' dir='ltr'><strong>Referentis</strong></span> <span class='ocrx_word' id='word_1_101' title='bbox 827 1669 912 1733; x_wconf 85' lang='lat' dir='ltr'><strong>clare</strong></span> <span class='ocrx_word' id='word_1_102' title='bbox 935 1671 969 1732; x_wconf 90' lang='lat' dir='ltr'><strong>et</strong></span> <span class='ocrx_word' id='word_1_103' title='bbox 992 1664 1450 1733; x_wconf 88' lang='lat' dir='ltr'><strong>determinateadnotandum</strong></span> <span class='ocrx_word' id='word_1_104' title='bbox 1476 1673 1531 1732; x_wconf 89' lang='lat' dir='ltr'><strong>est</strong></span> 
     </span>
     <span class='ocr_line' id='line_1_14' title="bbox 277 1749 1530 1842; baseline 0.002 -26"><span class='ocrx_word' id='word_1_105' title='bbox 277 1759 391 1817; x_wconf 74' lang='lat' dir='ltr'><strong>”votum</strong></span> <span class='ocrx_word' id='word_1_106' title='bbox 414 1774 473 1839; x_wconf 90' lang='lat' dir='ltr'><strong>per</strong></span> <span class='ocrx_word' id='word_1_107' title='bbox 493 1753 662 1840; x_wconf 84' lang='lat' dir='ltr'><strong>singulum</strong></span> <span class='ocrx_word' id='word_1_108' title='bbox 678 1752 1143 1842; x_wconf 87' lang='lat' dir='ltr'><strong>consiliariumdepromptum</strong></span> <span class='ocrx_word' id='word_1_109' title='bbox 1165 1777 1233 1820; x_wconf 89' lang='lat' dir='ltr'><strong>una</strong></span> <span class='ocrx_word' id='word_1_110' title='bbox 1256 1749 1330 1821; x_wconf 79' lang='lat' dir='ltr'><strong>cum</strong></span> <span class='ocrx_word' id='word_1_111' title='bbox 1354 1775 1530 1840; x_wconf 86' lang='lat' dir='ltr'><strong>argumen-</strong></span> 
     </span>
     <span class='ocr_line' id='line_1_15' title="bbox 277 1839 1529 1930; baseline 0.002 -26"><span class='ocrx_word' id='word_1_112' title='bbox 277 1839 323 1904; x_wconf 84' lang='lat' dir='ltr'><strong>tis</strong></span> <span class='ocrx_word' id='word_1_113' title='bbox 347 1846 381 1905; x_wconf 90' lang='lat' dir='ltr'><strong>et</strong></span> <span class='ocrx_word' id='word_1_114' title='bbox 404 1839 539 1907; x_wconf 90' lang='lat' dir='ltr'><strong>motivis</strong></span> <span class='ocrx_word' id='word_1_115' title='bbox 562 1864 622 1930; x_wconf 88' lang='lat' dir='ltr'><strong>pro</strong></span> <span class='ocrx_word' id='word_1_116' title='bbox 645 1864 682 1908; x_wconf 92' lang='lat' dir='ltr'><strong>eo</strong></span> <span class='ocrx_word' id='word_1_117' title='bbox 706 1844 893 1929; x_wconf 88' lang='lat' dir='ltr'><strong>propositis,</strong></span> <span class='ocrx_word' id='word_1_118' title='bbox 938 1865 999 1909; x_wconf 92' lang='lat' dir='ltr'><strong>nec</strong></span> <span class='ocrx_word' id='word_1_119' title='bbox 1039 1842 1245 1909; x_wconf 86' lang='lat' dir='ltr'><strong>reticendum</strong></span> <span class='ocrx_word' id='word_1_120' title='bbox 1282 1847 1333 1908; x_wconf 91' lang='lat' dir='ltr'><strong>est</strong></span> <span class='ocrx_word' id='word_1_121' title='bbox 1368 1842 1420 1908; x_wconf 93' lang='lat' dir='ltr'><strong>cui</strong></span> <span class='ocrx_word' id='word_1_122' title='bbox 1446 1849 1529 1908; x_wconf 86' lang='lat' dir='ltr'><strong>voto</strong></span> 
     </span>
     <span class='ocr_line' id='line_1_16' title="bbox 276 1929 1530 2018; baseline 0.003 -27"><span class='ocrx_word' id='word_1_123' title='bbox 276 1948 410 2018; x_wconf 87' lang='lat' dir='ltr'><strong>praeses</strong></span> <span class='ocrx_word' id='word_1_124' title='bbox 433 1931 620 1997; x_wconf 88' lang='lat' dir='ltr'><strong>accesserit.</strong></span> <span class='ocrx_word' id='word_1_125' title='bbox 666 1929 863 1998; x_wconf 83' lang='lat' dir='ltr'><strong>Conclusam</strong></span> <span class='ocrx_word' id='word_1_126' title='bbox 898 1929 1007 2017; x_wconf 89' lang='lat' dir='ltr'><strong>ipsum</strong></span> <span class='ocrx_word' id='word_1_127' title='bbox 1030 1931 1064 1996; x_wconf 91' lang='lat' dir='ltr'><strong>in</strong></span> <span class='ocrx_word' id='word_1_128' title='bbox 1085 1930 1197 1996; x_wconf 87' lang='lat' dir='ltr'><strong>eadem</strong></span> <span class='ocrx_word' id='word_1_129' title='bbox 1219 1930 1309 1996; x_wconf 90' lang='lat' dir='ltr'><strong>filira</strong></span> <span class='ocrx_word' id='word_1_130' title='bbox 1331 1929 1530 1997; x_wconf 87' lang='lat' dir='ltr'><strong>Referentis</strong></span> 
     </span>
     <span class='ocr_line' id='line_1_17' title="bbox 277 2014 1531 2105; baseline 0.002 -25"><span class='ocrx_word' id='word_1_131' title='bbox 277 2014 496 2082; x_wconf 84' lang='lat' dir='ltr'><strong>exhibendum</strong></span> <span class='ocrx_word' id='word_1_132' title='bbox 520 2029 568 2084; x_wconf 87' lang='lat' dir='ltr'><strong>est</strong></span> <span class='ocrx_word' id='word_1_133' title='bbox 591 2041 665 2085; x_wconf 89' lang='lat' dir='ltr'><strong>cum</strong></span> <span class='ocrx_word' id='word_1_134' title='bbox 696 2017 930 2103; x_wconf 83' lang='lat' dir='ltr'><strong>provocatione</strong></span> <span class='ocrx_word' id='word_1_135' title='bbox 965 2018 1006 2084; x_wconf 93' lang='lat' dir='ltr'><strong>ad</strong></span> <span class='ocrx_word' id='word_1_136' title='bbox 1042 2018 1293 2086; x_wconf 90' lang='lat' dir='ltr'><strong>motivationem</strong></span> <span class='ocrx_word' id='word_1_137' title='bbox 1317 2017 1531 2105; x_wconf 83' lang='lat' dir='ltr'><strong>singulorum</strong></span> 
     </span>
     <span class='ocr_line' id='line_1_18' title="bbox 276 2107 1532 2194; baseline 0.003 -26"><span class='ocrx_word' id='word_1_138' title='bbox 276 2109 440 2185; x_wconf 88' lang='lat' dir='ltr'><strong>votorum,</strong></span> <span class='ocrx_word' id='word_1_139' title='bbox 462 2112 496 2172; x_wconf 91' lang='lat' dir='ltr'><strong>et</strong></span> <span class='ocrx_word' id='word_1_140' title='bbox 519 2107 759 2187; x_wconf 84' lang='lat' dir='ltr'><strong>observatione,</strong></span> <span class='ocrx_word' id='word_1_141' title='bbox 785 2128 868 2191; x_wconf 90' lang='lat' dir='ltr'><strong>quae</strong></span> <span class='ocrx_word' id='word_1_142' title='bbox 891 2109 1017 2172; x_wconf 84' lang='lat' dir='ltr'><strong>motiva</strong></span> <span class='ocrx_word' id='word_1_143' title='bbox 1039 2111 1075 2173; x_wconf 89' lang='lat' dir='ltr'><strong>et</strong></span> <span class='ocrx_word' id='word_1_144' title='bbox 1097 2109 1263 2174; x_wconf 89' lang='lat' dir='ltr'><strong>rationum</strong></span> <span class='ocrx_word' id='word_1_145' title='bbox 1287 2111 1454 2173; x_wconf 90' lang='lat' dir='ltr'><strong>momenta</strong></span> <span class='ocrx_word' id='word_1_146' title='bbox 1468 2109 1532 2194; x_wconf 76' lang='lat' dir='ltr'><strong>p&#39;ro</strong></span> 
     </span>
     <span class='ocr_line' id='line_1_19' title="bbox 277 2188 1531 2284; baseline 0.002 -27"><span class='ocrx_word' id='word_1_147' title='bbox 277 2188 576 2261; x_wconf 72' lang='lat' dir='ltr'><strong>(interminantibus</strong></span> <span class='ocrx_word' id='word_1_148' title='bbox 599 2217 658 2284; x_wconf 90' lang='lat' dir='ltr'><strong>per</strong></span> <span class='ocrx_word' id='word_1_149' title='bbox 681 2194 904 2280; x_wconf 79' lang='lat' dir='ltr'><strong>majoritatem</strong></span> <span class='ocrx_word' id='word_1_150' title='bbox 928 2200 1101 2282; x_wconf 86' lang='lat' dir='ltr'><strong>acceptata</strong></span> <span class='ocrx_word' id='word_1_151' title='bbox 1125 2195 1203 2260; x_wconf 88' lang='lat' dir='ltr'><strong>sint.</strong></span> <span class='ocrx_word' id='word_1_152' title='bbox 1250 2195 1396 2262; x_wconf 85' lang='lat' dir='ltr'><strong>Cuilibet</strong></span> <span class='ocrx_word' id='word_1_153' title='bbox 1420 2193 1531 2260; x_wconf 89' lang='lat' dir='ltr'><strong>consi-</strong></span> 
     </span>
     <span class='ocr_line' id='line_1_20' title="bbox 275 2279 1533 2370; baseline 0.004 -28"><span class='ocrx_word' id='word_1_154' title='bbox 275 2279 373 2346; x_wconf 84' lang='lat' dir='ltr'><strong>iiario</strong></span> <span class='ocrx_word' id='word_1_155' title='bbox 396 2279 449 2368; x_wconf 83' lang='lat' dir='ltr'><strong>jus</strong></span> <span class='ocrx_word' id='word_1_156' title='bbox 474 2287 526 2349; x_wconf 91' lang='lat' dir='ltr'><strong>est</strong></span> <span class='ocrx_word' id='word_1_157' title='bbox 548 2289 769 2350; x_wconf 89' lang='lat' dir='ltr'><strong>suumvotum</strong></span> <span class='ocrx_word' id='word_1_158' title='bbox 794 2305 867 2350; x_wconf 89' lang='lat' dir='ltr'><strong>cum</strong></span> <span class='ocrx_word' id='word_1_159' title='bbox 891 2283 1026 2350; x_wconf 88' lang='lat' dir='ltr'><strong>motivis</strong></span> <span class='ocrx_word' id='word_1_160' title='bbox 1039 2283 1163 2370; x_wconf 90' lang='lat' dir='ltr'><strong>scripto</strong></span> <span class='ocrx_word' id='word_1_161' title='bbox 1177 2281 1351 2350; x_wconf 85' lang='lat' dir='ltr'><strong>exhibendi</strong></span> <span class='ocrx_word' id='word_1_162' title='bbox 1376 2287 1411 2350; x_wconf 92' lang='lat' dir='ltr'><strong>et</strong></span> <span class='ocrx_word' id='word_1_163' title='bbox 1435 2303 1533 2370; x_wconf 88' lang='lat' dir='ltr'><strong>prae-</strong></span> 
     </span>
     <span class='ocr_line' id='line_1_21' title="bbox 276 2367 956 2440; baseline 0.007 -7"><span class='ocrx_word' id='word_1_164' title='bbox 276 2367 435 2433; x_wconf 90' lang='lat' dir='ltr'><strong>tendendi</strong></span> <span class='ocrx_word' id='word_1_165' title='bbox 458 2370 605 2436; x_wconf 83' lang='lat' dir='ltr'><strong>utillud</strong></span> <span class='ocrx_word' id='word_1_166' title='bbox 629 2372 712 2438; x_wconf 86' lang='lat' dir='ltr'><strong>actis</strong></span> <span class='ocrx_word' id='word_1_167' title='bbox 747 2371 956 2440; x_wconf 84' lang='lat' dir='ltr'><strong>adnectatur.</strong></span> 
     </span>
    </p>

    <p class='ocr_par' dir='ltr' id='par_1_4' title="bbox 274 2455 1533 3429">
     <span class='ocr_line' id='line_1_22' title="bbox 362 2455 1528 2546; baseline 0.003 -25"><span class='ocrx_word' id='word_1_168' title='bbox 362 2455 404 2521; x_wconf 90' lang='lat' dir='ltr'><strong>In</strong></span> <span class='ocrx_word' id='word_1_169' title='bbox 426 2459 609 2544; x_wconf 88' lang='lat' dir='ltr'><strong>protocollo</strong></span> <span class='ocrx_word' id='word_1_170' title='bbox 655 2459 821 2539; x_wconf 84' lang='lat' dir='ltr'><strong>sessionis,</strong></span> <span class='ocrx_word' id='word_1_171' title='bbox 857 2461 891 2525; x_wconf 93' lang='lat' dir='ltr'><strong>in</strong></span> <span class='ocrx_word' id='word_1_172' title='bbox 927 2459 1020 2546; x_wconf 87' lang='lat' dir='ltr'><strong>cujus</strong></span> <span class='ocrx_word' id='word_1_173' title='bbox 1066 2457 1198 2526; x_wconf 83' lang='lat' dir='ltr'><strong>exordio</strong></span> <span class='ocrx_word' id='word_1_174' title='bbox 1244 2457 1415 2538; x_wconf 84' lang='lat' dir='ltr'><strong>Tribunal,</strong></span> <span class='ocrx_word' id='word_1_175' title='bbox 1455 2458 1528 2524; x_wconf 89' lang='lat' dir='ltr'><strong>dies</strong></span> 
     </span>
     <span class='ocr_line' id='line_1_23' title="bbox 275 2544 1529 2632; baseline 0.005 -24"><span class='ocrx_word' id='word_1_176' title='bbox 275 2544 440 2626; x_wconf 87' lang='lat' dir='ltr'><strong>sessionis,</strong></span> <span class='ocrx_word' id='word_1_177' title='bbox 465 2553 654 2632; x_wconf 85' lang='lat' dir='ltr'><strong>praeesset</strong></span> <span class='ocrx_word' id='word_1_178' title='bbox 686 2546 862 2613; x_wconf 88' lang='lat' dir='ltr'><strong>consiliarii</strong></span> <span class='ocrx_word' id='word_1_179' title='bbox 909 2545 1204 2626; x_wconf 64' lang='lat' dir='ltr'><strong>adferendi‘sunt,</strong></span> <span class='ocrx_word' id='word_1_180' title='bbox 1237 2547 1341 2612; x_wconf 87' lang='lat' dir='ltr'><strong>solum</strong></span> <span class='ocrx_word' id='word_1_181' title='bbox 1368 2567 1529 2614; x_wconf 84' lang='lat' dir='ltr'><strong>numerus</strong></span> 
     </span>
     <span class='ocr_line' id='line_1_24' title="bbox 275 2634 1528 2722; baseline 0.002 -25"><span class='ocrx_word' id='word_1_182' title='bbox 275 2653 402 2714; x_wconf 88' lang='lat' dir='ltr'><strong>causae,</strong></span> <span class='ocrx_word' id='word_1_183' title='bbox 427 2656 500 2700; x_wconf 88' lang='lat' dir='ltr'><strong>cum</strong></span> <span class='ocrx_word' id='word_1_184' title='bbox 523 2635 754 2722; x_wconf 87' lang='lat' dir='ltr'><strong>designatione</strong></span> <span class='ocrx_word' id='word_1_185' title='bbox 776 2636 923 2722; x_wconf 85' lang='lat' dir='ltr'><strong>partium</strong></span> <span class='ocrx_word' id='word_1_186' title='bbox 947 2635 1165 2717; x_wconf 82' lang='lat' dir='ltr'><strong>causantium,</strong></span> <span class='ocrx_word' id='word_1_187' title='bbox 1180 2634 1310 2721; x_wconf 89' lang='lat' dir='ltr'><strong>objecti,</strong></span> <span class='ocrx_word' id='word_1_188' title='bbox 1328 2641 1362 2700; x_wconf 86' lang='lat' dir='ltr'><strong>et</strong></span> <span class='ocrx_word' id='word_1_189' title='bbox 1385 2635 1528 2702; x_wconf 88' lang='lat' dir='ltr'><strong>circum·</strong></span> 
     </span>
     <span class='ocr_line' id='line_1_25' title="bbox 275 2721 1531 2810; baseline 0.002 -25"><span class='ocrx_word' id='word_1_190' title='bbox 275 2721 421 2786; x_wconf 85' lang='lat' dir='ltr'><strong>stantiae</strong></span> <span class='ocrx_word' id='word_1_191' title='bbox 443 2722 531 2810; x_wconf 91' lang='lat' dir='ltr'><strong>quod</strong></span> <span class='ocrx_word' id='word_1_192' title='bbox 554 2723 743 2791; x_wconf 88' lang='lat' dir='ltr'><strong>conclusum</strong></span> <span class='ocrx_word' id='word_1_193' title='bbox 767 2724 838 2790; x_wconf 89' lang='lat' dir='ltr'><strong>sive</strong></span> <span class='ocrx_word' id='word_1_194' title='bbox 862 2725 1029 2791; x_wconf 88' lang='lat' dir='ltr'><strong>sententia</strong></span> <span class='ocrx_word' id='word_1_195' title='bbox 1052 2723 1263 2804; x_wconf 88' lang='lat' dir='ltr'><strong>unanimiter,</strong></span> <span class='ocrx_word' id='word_1_196' title='bbox 1288 2729 1346 2790; x_wconf 89' lang='lat' dir='ltr'><strong>aut</strong></span> <span class='ocrx_word' id='word_1_197' title='bbox 1372 2733 1431 2810; x_wconf 79' lang='lat' dir='ltr'><strong>pe‘r</strong></span> <span class='ocrx_word' id='word_1_198' title='bbox 1448 2733 1531 2788; x_wconf 88' lang='lat' dir='ltr'><strong>vota</strong></span> 
     </span>
     <span class='ocr_line' id='line_1_26' title="bbox 276 2808 1527 2897; baseline 0.002 -24"><span class='ocrx_word' id='word_1_199' title='bbox 276 2808 401 2895; x_wconf 85' lang='lat' dir='ltr'><strong>majora</strong></span> <span class='ocrx_word' id='word_1_200' title='bbox 422 2813 677 2897; x_wconf 88' lang='lat' dir='ltr'><strong>pronunciatum</strong></span> <span class='ocrx_word' id='word_1_201' title='bbox 701 2813 744 2877; x_wconf 89' lang='lat' dir='ltr'><strong>sit</strong></span> <span class='ocrx_word' id='word_1_202' title='bbox 768 2811 959 2878; x_wconf 83' lang='lat' dir='ltr'><strong>adnotatur.</strong></span> <span class='ocrx_word' id='word_1_203' title='bbox 1006 2811 1103 2894; x_wconf 77' lang='lat' dir='ltr'><strong>Quod</strong></span> <span class='ocrx_word' id='word_1_204' title='bbox 1137 2813 1164 2877; x_wconf 91' lang='lat' dir='ltr'><strong>si</strong></span> <span class='ocrx_word' id='word_1_205' title='bbox 1205 2811 1342 2877; x_wconf 88' lang='lat' dir='ltr'><strong>minoris</strong></span> <span class='ocrx_word' id='word_1_206' title='bbox 1365 2811 1527 2877; x_wconf 87' lang='lat' dir='ltr'><strong>momenti</strong></span> 
     </span>
     <span class='ocr_line' id='line_1_27' title="bbox 275 2895 1530 2986; baseline 0.004 -26"><span class='ocrx_word' id='word_1_207' title='bbox 275 2895 533 2965; x_wconf 86' lang='lat' dir='ltr'><strong>modificationes</strong></span> <span class='ocrx_word' id='word_1_208' title='bbox 556 2899 628 2966; x_wconf 87' lang='lat' dir='ltr'><strong>fieri</strong></span> <span class='ocrx_word' id='word_1_209' title='bbox 642 2899 793 2979; x_wconf 90' lang='lat' dir='ltr'><strong>debeant,</strong></span> <span class='ocrx_word' id='word_1_210' title='bbox 811 2899 997 2965; x_wconf 89' lang='lat' dir='ltr'><strong>emendatio</strong></span> <span class='ocrx_word' id='word_1_211' title='bbox 1010 2909 1043 2965; x_wconf 89' lang='lat' dir='ltr'><strong>et</strong></span> <span class='ocrx_word' id='word_1_212' title='bbox 1057 2899 1217 2966; x_wconf 88' lang='lat' dir='ltr'><strong>correctio</strong></span> <span class='ocrx_word' id='word_1_213' title='bbox 1239 2921 1297 2986; x_wconf 90' lang='lat' dir='ltr'><strong>per</strong></span> <span class='ocrx_word' id='word_1_214' title='bbox 1311 2897 1530 2965; x_wconf 80' lang='lat' dir='ltr'><strong>Referentem</strong></span> 
     </span>
     <span class='ocr_line' id='line_1_28' title="bbox 275 2981 1527 3075; baseline 0.002 -25"><span class='ocrx_word' id='word_1_215' title='bbox 275 2981 479 3066; x_wconf 81' lang='lat' dir='ltr'><strong>deridebat,</strong></span> <span class='ocrx_word' id='word_1_216' title='bbox 502 2988 531 3052; x_wconf 92' lang='lat' dir='ltr'><strong>si</strong></span> <span class='ocrx_word' id='word_1_217' title='bbox 554 2995 665 3054; x_wconf 88' lang='lat' dir='ltr'><strong>autem</strong></span> <span class='ocrx_word' id='word_1_218' title='bbox 689 3009 787 3053; x_wconf 86' lang='lat' dir='ltr'><strong>causa</strong></span> <span class='ocrx_word' id='word_1_219' title='bbox 810 2987 1005 3075; x_wconf 87' lang='lat' dir='ltr'><strong>principalis</strong></span> <span class='ocrx_word' id='word_1_220' title='bbox 1033 2992 1148 3053; x_wconf 87' lang='lat' dir='ltr'><strong>contra</strong></span> <span class='ocrx_word' id='word_1_221' title='bbox 1171 2987 1387 3054; x_wconf 83' lang='lat' dir='ltr'><strong>Refereutem</strong></span> <span class='ocrx_word' id='word_1_222' title='bbox 1412 2986 1527 3052; x_wconf 84' lang='lat' dir='ltr'><strong>decisa</strong></span> 
     </span>
     <span class='ocr_line' id='line_1_29' title="bbox 274 3072 1530 3163; baseline 0.002 -25"><span class='ocrx_word' id='word_1_223' title='bbox 274 3072 330 3153; x_wconf 89' lang='lat' dir='ltr'><strong>sit,</strong></span> <span class='ocrx_word' id='word_1_224' title='bbox 354 3077 414 3139; x_wconf 89' lang='lat' dir='ltr'><strong>aut</strong></span> <span class='ocrx_word' id='word_1_225' title='bbox 436 3095 515 3141; x_wconf 86' lang='lat' dir='ltr'><strong>vero</strong></span> <span class='ocrx_word' id='word_1_226' title='bbox 538 3079 646 3143; x_wconf 88' lang='lat' dir='ltr'><strong>totum</strong></span> <span class='ocrx_word' id='word_1_227' title='bbox 671 3081 844 3163; x_wconf 88' lang='lat' dir='ltr'><strong>operatum</strong></span> <span class='ocrx_word' id='word_1_228' title='bbox 889 3075 1081 3143; x_wconf 80' lang='lat' dir='ltr'><strong>Referentis</strong></span> <span class='ocrx_word' id='word_1_229' title='bbox 1116 3075 1252 3141; x_wconf 89' lang='lat' dir='ltr'><strong>novitus</strong></span> <span class='ocrx_word' id='word_1_230' title='bbox 1287 3074 1530 3140; x_wconf 89' lang='lat' dir='ltr'><strong>elaborandum</strong></span> 
     </span>
     <span class='ocr_line' id='line_1_30' title="bbox 274 3161 1530 3241; baseline 0.001 -16"><span class='ocrx_word' id='word_1_231' title='bbox 274 3161 398 3241; x_wconf 85' lang='lat' dir='ltr'><strong>veniat,</strong></span> <span class='ocrx_word' id='word_1_232' title='bbox 422 3161 483 3230; x_wconf 88' lang='lat' dir='ltr'><strong>hoc</strong></span> <span class='ocrx_word' id='word_1_233' title='bbox 506 3186 628 3230; x_wconf 91' lang='lat' dir='ltr'><strong>novum</strong></span> <span class='ocrx_word' id='word_1_234' title='bbox 652 3165 857 3231; x_wconf 83' lang='lat' dir='ltr'><strong>elaboratum</strong></span> <span class='ocrx_word' id='word_1_235' title='bbox 882 3187 955 3231; x_wconf 91' lang='lat' dir='ltr'><strong>cum</strong></span> <span class='ocrx_word' id='word_1_236' title='bbox 991 3164 1290 3230; x_wconf 87' lang='lat' dir='ltr'><strong>determinantibus</strong></span> <span class='ocrx_word' id='word_1_237' title='bbox 1314 3161 1448 3228; x_wconf 89' lang='lat' dir='ltr'><strong>motivis</strong></span> <span class='ocrx_word' id='word_1_238' title='bbox 1473 3162 1530 3227; x_wconf 88' lang='lat' dir='ltr'><strong>illi</strong></span> 
     </span>
     <span class='ocr_line' id='line_1_31' title="bbox 275 3248 1533 3341; baseline 0.001 -27"><span class='ocrx_word' id='word_1_239' title='bbox 275 3248 464 3317; x_wconf 85' lang='lat' dir='ltr'><strong>consiliario</strong></span> <span class='ocrx_word' id='word_1_240' title='bbox 488 3251 758 3319; x_wconf 89' lang='lat' dir='ltr'><strong>committendum</strong></span> <span class='ocrx_word' id='word_1_241' title='bbox 782 3253 914 3341; x_wconf 89' lang='lat' dir='ltr'><strong>estqui</strong></span> <span class='ocrx_word' id='word_1_242' title='bbox 935 3252 1062 3340; x_wconf 86' lang='lat' dir='ltr'><strong>primus</strong></span> <span class='ocrx_word' id='word_1_243' title='bbox 1085 3259 1200 3318; x_wconf 85' lang='lat' dir='ltr'><strong>contra</strong></span> <span class='ocrx_word' id='word_1_244' title='bbox 1225 3249 1406 3340; x_wconf 88' lang='lat' dir='ltr'><strong>projectum</strong></span> <span class='ocrx_word' id='word_1_245' title='bbox 1428 3248 1533 3316; x_wconf 79' lang='lat' dir='ltr'><strong>Rer-</strong></span> 
     </span>
     <span class='ocr_line' id='line_1_32' title="bbox 274 3337 1531 3429; baseline 0.001 -26"><span class='ocrx_word' id='word_1_246' title='bbox 274 3337 379 3404; x_wconf 89' lang='lat' dir='ltr'><strong>rentis</strong></span> <span class='ocrx_word' id='word_1_247' title='bbox 404 3344 517 3405; x_wconf 77' lang='lat' dir='ltr'><strong>v&#39;otum</strong></span> <span class='ocrx_word' id='word_1_248' title='bbox 540 3340 754 3429; x_wconf 87' lang='lat' dir='ltr'><strong>deprompsit.</strong></span> <span class='ocrx_word' id='word_1_249' title='bbox 788 3339 997 3426; x_wconf 81' lang='lat' dir='ltr'><strong>(Kutschirer</strong></span> <span class='ocrx_word' id='word_1_250' title='bbox 1019 3338 1121 3406; x_wconf 80' lang='lat' dir='ltr'><strong>Tomo</strong></span> <span class='ocrx_word' id='word_1_251' title='bbox 1149 3338 1184 3407; x_wconf 91' lang='lat' dir='ltr'><strong>V.</strong></span> <span class='ocrx_word' id='word_1_252' title='bbox 1208 3363 1240 3428; x_wconf 90' lang='lat' dir='ltr'><strong>p.</strong></span> <span class='ocrx_word' id='word_1_253' title='bbox 1275 3338 1349 3404; x_wconf 77' lang='lat'><strong>927.</strong></span> <span class='ocrx_word' id='word_1_254' title='bbox 1374 3345 1408 3406; x_wconf 88' lang='lat' dir='ltr'><strong>et</strong></span> <span class='ocrx_word' id='word_1_255' title='bbox 1431 3337 1531 3426; x_wconf 82' lang='lat'>928.)</span> 
     </span>
    </p>
   </div>
   <div class='ocr_carea' id='block_1_4' title="bbox 300 3515 1505 3725">
    <p class='ocr_par' dir='ltr' id='par_1_5' title="bbox 300 3515 1505 3725">
     <span class='ocr_line' id='line_1_33' title="bbox 300 3515 1505 3613; baseline 0 -16"><span class='ocrx_word' id='word_1_256' title='bbox 300 3519 334 3613; x_wconf 67' lang='grc' dir='ltr'><strong>ἓ.</strong></span> <span class='ocrx_word' id='word_1_257' title='bbox 362 3515 459 3598; x_wconf 80' lang='lat'><strong>217.</strong></span> <span class='ocrx_word' id='word_1_258' title='bbox 486 3515 550 3598; x_wconf 91' lang='lat' dir='ltr'><strong>De</strong></span> <span class='ocrx_word' id='word_1_259' title='bbox 576 3517 820 3600; x_wconf 87' lang='lat' dir='ltr'><strong>sententiae</strong></span> <span class='ocrx_word' id='word_1_260' title='bbox 853 3517 1149 3600; x_wconf 86' lang='lat' dir='ltr'><strong>notificatione</strong></span> <span class='ocrx_word' id='word_1_261' title='bbox 1187 3517 1231 3597; x_wconf 90' lang='lat' dir='ltr'><strong>et</strong></span> <span class='ocrx_word' id='word_1_262' title='bbox 1264 3515 1505 3599; x_wconf 82' lang='lat' dir='ltr'><strong>communi-</strong></span> 
     </span>
     <span class='ocr_line' id='line_1_34' title="bbox 806 3643 986 3725; baseline -0.028 -2"><span class='ocrx_word' id='word_1_263' title='bbox 806 3643 986 3725; x_wconf 85' lang='lat' dir='ltr'><strong>catione.</strong></span> 
     </span>
    </p>
   </div>
   <div class='ocr_carea' id='block_1_5' title="bbox 274 3783 1533 4584">
    <p class='ocr_par' dir='ltr' id='par_1_6' title="bbox 274 3783 1533 4584">
     <span class='ocr_line' id='line_1_35' title="bbox 283 3783 1532 3878; baseline 0.001 -24"><span class='ocrx_word' id='word_1_264' title='bbox 283 3783 284 3788; x_wconf 63' lang='grc'>’</span> <span class='ocrx_word' id='word_1_265' title='bbox 370 3785 544 3856; x_wconf 83' lang='lat' dir='ltr'><strong>Sententia</strong></span> <span class='ocrx_word' id='word_1_266' title='bbox 588 3788 741 3878; x_wconf 88' lang='lat' dir='ltr'><strong>partibus</strong></span> <span class='ocrx_word' id='word_1_267' title='bbox 772 3811 830 3876; x_wconf 90' lang='lat' dir='ltr'><strong>per</strong></span> <span class='ocrx_word' id='word_1_268' title='bbox 862 3790 1086 3877; x_wconf 87' lang='lat' dir='ltr'><strong>apparitorem</strong></span> <span class='ocrx_word' id='word_1_269' title='bbox 1132 3787 1266 3856; x_wconf 83' lang='lat' dir='ltr'><strong>dimissa</strong></span> <span class='ocrx_word' id='word_1_270' title='bbox 1306 3786 1407 3856; x_wconf 83' lang='lat' dir='ltr'><strong>etiam</strong></span> <span class='ocrx_word' id='word_1_271' title='bbox 1430 3785 1532 3878; x_wconf 89' lang='lat' dir='ltr'><strong>copia</strong></span> 
     </span>
     <span class='ocr_line' id='line_1_36' title="bbox 275 3874 1531 3964; baseline 0.001 -23"><span class='ocrx_word' id='word_1_272' title='bbox 275 3875 487 3962; x_wconf 58' lang='lat' dir='ltr'><strong>notificatum</strong></span> <span class='ocrx_word' id='word_1_273' title='bbox 534 3875 574 3943; x_wconf 89' lang='lat' dir='ltr'><strong>de</strong></span> <span class='ocrx_word' id='word_1_274' title='bbox 608 3899 671 3961; x_wconf 89' lang='lat' dir='ltr'><strong>quo</strong></span> <span class='ocrx_word' id='word_1_275' title='bbox 710 3884 846 3964; x_wconf 88' lang='lat' dir='ltr'><strong>peracto</strong></span> <span class='ocrx_word' id='word_1_276' title='bbox 882 3877 962 3944; x_wconf 88' lang='lat' dir='ltr'><strong>fides</strong></span> <span class='ocrx_word' id='word_1_277' title='bbox 997 3877 1032 3942; x_wconf 94' lang='lat' dir='ltr'><strong>in</strong></span> <span class='ocrx_word' id='word_1_278' title='bbox 1069 3876 1204 3963; x_wconf 89' lang='lat' dir='ltr'><strong>scriptis</strong></span> <span class='ocrx_word' id='word_1_279' title='bbox 1250 3874 1402 3963; x_wconf 82' lang='lat' dir='ltr'><strong>facienda</strong></span> <span class='ocrx_word' id='word_1_280' title='bbox 1450 3877 1531 3944; x_wconf 89' lang='lat' dir='ltr'><strong>erit.</strong></span> 
     </span>
     <span class='ocr_line' id='line_1_37' title="bbox 275 3962 1532 4053; baseline 0 -23"><span class='ocrx_word' id='word_1_281' title='bbox 275 3962 392 4052; x_wconf 83' lang='lat' dir='ltr'><strong>(Instr.</strong></span> <span class='ocrx_word' id='word_1_282' title='bbox 417 3967 444 4049; x_wconf 65' lang='grc' dir='ltr'><strong>ξ.</strong></span> <span class='ocrx_word' id='word_1_283' title='bbox 470 3964 562 4048; x_wconf 83' lang='grc'>195.)</span> <span class='ocrx_word' id='word_1_284' title='bbox 586 3964 674 4031; x_wconf 81' lang='lat' dir='ltr'><strong>Loco</strong></span> <span class='ocrx_word' id='word_1_285' title='bbox 697 3966 907 4053; x_wconf 82' lang='lat' dir='ltr'><strong>appsmtoris,</strong></span> <span class='ocrx_word' id='word_1_286' title='bbox 944 3970 1057 4053; x_wconf 89' lang='lat' dir='ltr'><strong>potest</strong></span> <span class='ocrx_word' id='word_1_287' title='bbox 1080 3966 1180 4031; x_wconf 87' lang='lat' dir='ltr'><strong>etiam</strong></span> <span class='ocrx_word' id='word_1_288' title='bbox 1204 3965 1301 4030; x_wconf 87' lang='lat' dir='ltr'><strong>alteri</strong></span> <span class='ocrx_word' id='word_1_289' title='bbox 1326 3964 1532 4030; x_wconf 89' lang='lat' dir='ltr'><strong>commissio·</strong></span> 
     </span>
     <span class='ocr_line' id='line_1_38' title="bbox 274 4051 1532 4141; baseline 0 -23"><span class='ocrx_word' id='word_1_290' title='bbox 274 4056 353 4118; x_wconf 88' lang='lat' dir='ltr'><strong>nato</strong></span> <span class='ocrx_word' id='word_1_291' title='bbox 397 4053 587 4135; x_wconf 85' lang='lat' dir='ltr'><strong>tribunalis,</strong></span> <span class='ocrx_word' id='word_1_292' title='bbox 632 4054 683 4119; x_wconf 91' lang='lat' dir='ltr'><strong>uti</strong></span> <span class='ocrx_word' id='word_1_293' title='bbox 700 4053 869 4141; x_wconf 81' lang='lat' dir='ltr'><strong>parocho,</strong></span> <span class='ocrx_word' id='word_1_294' title='bbox 917 4051 1100 4119; x_wconf 85' lang='lat' dir='ltr'><strong>notificatio</strong></span> <span class='ocrx_word' id='word_1_295' title='bbox 1135 4059 1170 4119; x_wconf 91' lang='lat' dir='ltr'><strong>et</strong></span> <span class='ocrx_word' id='word_1_296' title='bbox 1193 4051 1448 4120; x_wconf 90' lang='lat' dir='ltr'><strong>communicatio</strong></span> <span class='ocrx_word' id='word_1_297' title='bbox 1474 4051 1532 4120; x_wconf 87' lang='lat' dir='ltr'><strong>vel</strong></span> 
     </span>
     <span class='ocr_line' id='line_1_39' title="bbox 274 4139 1532 4230; baseline 0.002 -25"><span class='ocrx_word' id='word_1_298' title='bbox 274 4139 412 4206; x_wconf 86' lang='lat' dir='ltr'><strong>traditio</strong></span> <span class='ocrx_word' id='word_1_299' title='bbox 436 4143 563 4230; x_wconf 89' lang='lat' dir='ltr'><strong>parium</strong></span> <span class='ocrx_word' id='word_1_300' title='bbox 587 4145 773 4208; x_wconf 89' lang='lat' dir='ltr'><strong>sententiae</strong></span> <span class='ocrx_word' id='word_1_301' title='bbox 797 4139 970 4224; x_wconf 87' lang='lat' dir='ltr'><strong>committi,</strong></span> <span class='ocrx_word' id='word_1_302' title='bbox 1005 4140 1062 4229; x_wconf 88' lang='lat' dir='ltr'><strong>qui</strong></span> <span class='ocrx_word' id='word_1_303' title='bbox 1100 4147 1238 4208; x_wconf 88' lang='lat' dir='ltr'><strong>eatenus</strong></span> <span class='ocrx_word' id='word_1_304' title='bbox 1261 4139 1423 4207; x_wconf 89' lang='lat' dir='ltr'><strong>tribunali</strong></span> <span class='ocrx_word' id='word_1_305' title='bbox 1447 4140 1532 4207; x_wconf 86' lang='lat' dir='ltr'><strong>scri·</strong></span> 
     </span>
     <span class='ocr_line' id='line_1_40' title="bbox 274 4227 1533 4318; baseline 0.002 -25"><span class='ocrx_word' id='word_1_306' title='bbox 274 4234 366 4316; x_wconf 86' lang='lat' dir='ltr'><strong>ptam</strong></span> <span class='ocrx_word' id='word_1_307' title='bbox 389 4227 584 4297; x_wconf 86' lang='lat' dir='ltr'><strong>relationem</strong></span> <span class='ocrx_word' id='word_1_308' title='bbox 606 4235 777 4318; x_wconf 85' lang='lat' dir='ltr'><strong>praestare</strong></span> <span class='ocrx_word' id='word_1_309' title='bbox 800 4235 952 4314; x_wconf 90' lang='lat' dir='ltr'><strong>tenetur;</strong></span> <span class='ocrx_word' id='word_1_310' title='bbox 977 4229 1163 4296; x_wconf 82' lang='lat' dir='ltr'><strong>necessaria</strong></span> <span class='ocrx_word' id='word_1_311' title='bbox 1179 4234 1230 4296; x_wconf 90' lang='lat' dir='ltr'><strong>est</strong></span> <span class='ocrx_word' id='word_1_312' title='bbox 1243 4229 1323 4296; x_wconf 87' lang='lat' dir='ltr'><strong>haec</strong></span> <span class='ocrx_word' id='word_1_313' title='bbox 1338 4228 1533 4297; x_wconf 86' lang='lat' dir='ltr'><strong>sententiae</strong></span> 
     </span>
     <span class='ocr_line' id='line_1_41' title="bbox 275 4315 1532 4407; baseline 0.002 -25"><span class='ocrx_word' id='word_1_314' title='bbox 275 4317 527 4384; x_wconf 85' lang='lat' dir='ltr'><strong>communicatio</strong></span> <span class='ocrx_word' id='word_1_315' title='bbox 550 4317 624 4384; x_wconf 92' lang='lat' dir='ltr'><strong>ideo</strong></span> <span class='ocrx_word' id='word_1_316' title='bbox 653 4340 791 4407; x_wconf 89' lang='lat' dir='ltr'><strong>qnoque,</strong></span> <span class='ocrx_word' id='word_1_317' title='bbox 824 4325 864 4385; x_wconf 94' lang='lat' dir='ltr'><strong>ut</strong></span> <span class='ocrx_word' id='word_1_318' title='bbox 895 4322 1010 4405; x_wconf 87' lang='lat' dir='ltr'><strong>partes</strong></span> <span class='ocrx_word' id='word_1_319' title='bbox 1045 4315 1085 4384; x_wconf 92' lang='lat' dir='ltr'><strong>de</strong></span> <span class='ocrx_word' id='word_1_320' title='bbox 1119 4317 1291 4386; x_wconf 89' lang='lat' dir='ltr'><strong>tenoribus</strong></span> <span class='ocrx_word' id='word_1_321' title='bbox 1336 4316 1532 4386; x_wconf 87' lang='lat' dir='ltr'><strong>sententiae</strong></span> 
     </span>
     <span class='ocr_line' id='line_1_42' title="bbox 274 4403 1533 4495; baseline 0.001 -24"><span class='ocrx_word' id='word_1_322' title='bbox 274 4404 363 4472; x_wconf 87' lang='lat' dir='ltr'><strong>latae</strong></span> <span class='ocrx_word' id='word_1_323' title='bbox 386 4404 522 4474; x_wconf 85' lang='lat' dir='ltr'><strong>edoctae</strong></span> <span class='ocrx_word' id='word_1_324' title='bbox 541 4405 617 4495; x_wconf 82' lang='lat' dir='ltr'><strong>jure</strong></span> <span class='ocrx_word' id='word_1_325' title='bbox 643 4428 702 4473; x_wconf 87' lang='lat' dir='ltr'><strong>auo</strong></span> <span class='ocrx_word' id='word_1_326' title='bbox 726 4409 814 4474; x_wconf 87' lang='lat' dir='ltr'><strong>intra</strong></span> <span class='ocrx_word' id='word_1_327' title='bbox 837 4405 1017 4474; x_wconf 89' lang='lat' dir='ltr'><strong>admissum</strong></span> <span class='ocrx_word' id='word_1_328' title='bbox 1038 4404 1216 4473; x_wconf 89' lang='lat' dir='ltr'><strong>terminum</strong></span> <span class='ocrx_word' id='word_1_329' title='bbox 1234 4403 1415 4474; x_wconf 86' lang='lat' dir='ltr'><strong>remedium</strong></span> <span class='ocrx_word' id='word_1_330' title='bbox 1439 4406 1533 4495; x_wconf 82' lang='lat' dir='ltr'><strong>apel·</strong></span> 
     </span>
     <span class='ocr_line' id='line_1_43' title="bbox 274 4492 903 4584; baseline 0.003 -25"><span class='ocrx_word' id='word_1_331' title='bbox 274 4492 409 4564; x_wconf 86' lang='lat' dir='ltr'><strong>lationis</strong></span> <span class='ocrx_word' id='word_1_332' title='bbox 432 4493 665 4584; x_wconf 87' lang='lat' dir='ltr'><strong>interponendi</strong></span> <span class='ocrx_word' id='word_1_333' title='bbox 688 4497 739 4562; x_wconf 90' lang='lat' dir='ltr'><strong>nti</strong></span> <span class='ocrx_word' id='word_1_334' title='bbox 761 4494 903 4584; x_wconf 75' lang='lat' dir='ltr'><strong>possint,</strong></span> 
     </span>
    </p>
   </div>
   <div class='ocr_carea' id='block_1_6' title="bbox 0 0 1716 5368">
    <p class='ocr_par' dir='ltr' id='par_1_7' title="bbox 0 0 1716 5368">
     <span class='ocr_line' id='line_1_44' title="bbox 0 0 1716 5368; baseline 0 1"><span class='ocrx_word' id='word_1_335' title='bbox 0 0 1716 5368; x_wconf 95' lang='lat' dir='ltr'><strong> </strong></span> 
     </span>
    </p>
   </div>
  </div>
 </body>
</html>
