3476 5366
771 401 848 502 157·

175 619 302 700 debere,
314 627 732 708 quantumcunquemagna
742 621 959 686 essetcivitas
971 618 1103 686 Conone
1115 619 1209 688 XIV.
1225 625 1427 688 statuerunt.

174 708 270 790 Quod
293 715 328 775 et
351 709 477 776 Romae
499 709 711 774 observatum
735 715 788 774 est
810 715 897 772 teste
922 705 1102 773 Sozomano
1125 708 1227 774 Libro
1252 709 1282 774 7.
1328 707 1425 775 Hist.

173 795 207 862 O.
233 795 285 862 19.
309 795 362 862 his
386 795 521 862 verbis:
544 795 706 878 „Diaconi
730 796 819 884 apud
843 795 1011 861 Romanos
1035 796 1195 861 hactenus
1220 797 1426 884 conplures

172 891 252 950 sunt
274 903 374 972 quam
398 889 535 971 septem,
560 883 601 949 ad
625 883 879 950 similitudinem
903 904 1025 962 eorum,
1061 883 1119 971 qui
1163 885 1204 950 ab
1249 883 1426 972 Apostolis

172 970 319 1038 ordinati
342 976 454 1038 sunt.“
479 971 566 1055 Quia
592 978 703 1038 autem
726 969 878 1038 Ecclesia
902 970 1275 1058 constantinopolitana
1322 972 1424 1038 etiam

173 1059 245 1126 100.
271 1060 417 1127 habebat
439 1059 621 1139 Diaconos,
639 1059 825 1128 Concilium
848 1057 1055 1139 Trullanum,
1080 1065 1120 1124 ut
1142 1059 1288 1126 evitaret
1313 1060 1422 1126 obser-

171 1149 322 1214 vantiam
346 1146 563 1235 praeadducti
586 1147 731 1215 Cononis
753 1146 894 1214 Consilii
939 1145 1241 1226 Neocaesariensis,
1288 1146 1422 1214 Oenone

170 1257 229 1302 suo
252 1235 350 1304 XVI.
376 1235 537 1322 originem
560 1235 783 1302 Diaconorum
807 1256 871 1300 non
895 1255 915 1299 a
938 1243 1065 1322 septem
1088 1234 1245 1300 Diaconis
1259 1257 1318 1321 per
1334 1237 1423 1322 Apo-

170 1323 274 1390 stolos
298 1323 492 1408 ordinatis¹)
516 1323 729 1411 repetendam
753 1345 825 1389 esse
851 1322 964 1388 docuit
983 1322 1034 1387 his
1057 1321 1191 1388 verbis:
1240 1321 1425 1404 „Quoniam

171 1411 320 1480 Actuum
343 1411 447 1478 Liber
470 1419 596 1498 septem
620 1411 787 1478 Diaconos
811 1411 852 1476 ab
885 1410 1059 1497 Apostolis
1105 1411 1308 1477 constitutos
1353 1432 1425 1476 esse

170 1498 288 1582 tradit,
312 1499 604 1575 Neocaesarienais
628 1505 740 1566 autem
763 1497 921 1585 Synodus
944 1499 978 1563 in
1002 1520 1021 1563 a
1045 1520 1081 1564 se
1109 1498 1209 1565 editis
1232 1497 1424 1566 Canonibus

170 1597 287 1676 aperte
309 1586 480 1668 disseruit,
504 1587 591 1676 quod
615 1595 741 1676 septem
766 1586 888 1652 debent
913 1607 984 1651 esse
1007 1585 1150 1652 Diaconi
1195 1609 1236 1652 ex
1280 1586 1423 1668 Oenone,

170 1675 305 1744 etiamsi
328 1675 427 1742 valde
450 1697 571 1762 magna
593 1680 646 1742 est
669 1675 814 1758 civitas,
839 1696 880 1740 ex
904 1673 990 1739 libro
1013 1680 1125 1740 autem
1148 1675 1296 1741 Actuum
1335 1676 1426 1762 Apo·

170 1764 334 1832 stolorum
359 1763 629 1854 persuadebcris:
654 1786 723 1843 nos,
748 1784 820 1829 cum
846 1763 935 1827 dicto
959 1761 1141 1850 apostolico
1174 1762 1315 1829 Petrum
1337 1785 1425 1829 men-

170 1859 236 1918 tem
261 1852 527 1940 adaptassemus,
552 1851 741 1918 invenimus
764 1873 819 1916 eos
843 1850 972 1916 locutos
996 1873 1068 1916 esse
1099 1872 1164 1916 non
1188 1851 1229 1916 de
1248 1851 1342 1931 viris,
1367 1852 1425 1938 qui

170 1939 370 2006 ministrant
391 1939 577 2028 Mysteriis,
603 1939 660 2005 sed
686 1939 726 2005 de
748 1937 945 2017 ministeriu,
970 1937 1057 2023 quod
1080 1937 1224 2005 inusum
1237 1960 1425 2005 mensarum

170 2027 405 2109 adhibebatur,
430 2050 488 2094 seu
510 2029 724 2115 pauperum.“
747 2025 802 2092 Ex
824 2026 944 2114 quibus
966 2031 1070 2114 patet,
1110 2026 1196 2112 quod
1241 2025 1426 2093 Concilium

170 2114 373 2183 'l'rnllanum
396 2115 541 2182 adducto
564 2114 697 2183 Oenone
719 2115 753 2181 in
777 2114 875 2180 fidem
906 2115 1013 2180 totius
1037 2114 1208 2182 Ecclesiae
1231 2114 1318 2181 Ritu
1342 2113 1425 2181 ordi-

171 2204 320 2270 nationis
343 2202 575 2285 Diaconorum‚
600 2225 738 2293 quorum
763 2201 900 2288 origoa
935 2209 1062 2290 septem
1107 2202 1266 2268 Diacouis
1310 2204 1425 2291 primis

171 2291 360 2372 deducitur,
385 2313 574 2380 expressam
595 2291 782 2378 impegisse,
806 2291 859 2356 cui
883 2295 918 2357 et
940 2290 1141 2357 novissimus
1164 2290 1275 2358 Codex
1320 2290 1423 2358 Oano-

170 2402 248 2446 num
273 2379 424 2448 Graecus
446 2378 601 2446 Pidalion
625 2377 825 2445 contradicit
847 2387 924 2443 nota
948 2378 982 2461 1)
1027 2377 1070 2444 ad
1115 2378 1282 2446 Ganouem
1326 2377 1421 2445 XVI.

171 2467 194 2534 S
220 2467 301 2533 nodi
326 2467 507 2534 Trullauae
530 2467 761 2556 sequentibus:
788 2467 904 2547 „Hinc
928 2465 1017 2532 idest
1040 2466 1101 2532 hoc
1123 2466 1258 2533 Canone
1282 2465 1422 2555 decepti,

171 2491 277 2641 aliqui
302 2555 427 2637 dicunt,
452 2559 534 2622 istos
558 2559 698 2642 (septem
721 2554 896 2634 Diaconos,
919 2554 975 2638 qui
1001 2555 1033 2618 in
1057 2555 1202 2620 Actibus
1246 2554 1424 2642 Apostolo-

170 2665 243 2710 rum
268 2647 461 2729 0oourrunt)
485 2665 551 2710 non
576 2649 727 2730 oportere
751 2641 843 2730 pingi
868 2665 933 2727 qua
962 2642 1137 2708 Ministros
1182 2641 1422 2730 Mysteriorum

171 2754 245 2799 cum
268 2731 452 2812 thuribulo,
477 2754 551 2798 cum
574 2731 743 2811 stichario,
768 2737 802 2796 et
825 2732 944 2796 orario.
969 2729 1133 2812 Quoniam
1156 2753 1236 2797 vero
1268 2730 1301 2798 S.
1325 2731 1424 2817 Igna-

169 2821 240 2887 tius
264 2821 300 2887 in
324 2819 480 2908 Epistola
503 2819 546 2884 sd
570 2819 759 2885 Trallianos
792 2823 960 2899 memorat,
1006 2818 1094 2905 quod
1141 2818 1422 2885 Archi-Diaconos

170 2907 362 2998 Stephanus
386 2907 601 2974 ministrabat
622 2906 665 2971 ad
687 2906 795 2972 altare
829 2905 955 2973 Jacobo
987 2906 1086 2971 fratri
1131 2906 1277 2988 Domini,
1323 2914 1424 2996 atque

170 2996 251 3086 Cap.
274 2996 306 3063 4.
331 3003 366 3062 et
387 2996 439 3063 46.
463 2996 559 3062 Libri
582 2995 629 3060 8-i
653 2993 938 3062 constitutionum
961 2994 1228 3082 apostolicarum,
1247 2994 1348 3061 etiam
1371 2995 1423 3060 illi

169 3093 302 3173 septem
324 3083 474 3164 Diaconi,
500 3084 589 3149 inter
611 3105 693 3171 quos
716 3095 751 3149 et
774 3083 973 3171 Stephanae,
1009 3105 1081 3149 cum
1127 3082 1342 3170 Presbyteris
1388 3088 1424 3148 et

168 3173 348 3262 Episcopis
370 3194 435 3260 qua
457 3171 608 3238 Ministri
629 3169 914 3237 Sacramentorum
948 3177 1176 3252 numerantur,
1223 3170 1422 3238 conveniens

169 3262 305 3330 omniuo
327 3267 388 3340 est,
412 3268 451 3326 ut
475 3282 540 3349 qua
563 3259 708 3324 Ministri
731 3258 1018 3326 Sacramentorum
1049 3258 1264 3346 pingantur.“

414 3466 449 3559 ξ.
482 3461 574 3542 157.
609 3461 673 3540 De
701 3459 854 3541 Officio
881 3460 1182 3542 Diaconorum.

266 3629 488 3698 Diaconorum
513 3629 656 3696 officium
680 3635 732 3696 est
755 3630 965 3718 praedicare,
990 3630 1024 3696 id
1059 3635 1155 3716 patet
1199 3649 1239 3694 ex
1284 3626 1417 3694 Oenone

167 3719 409 3805 Apostolorum
431 3717 617 3785 XXXVI.:
640 3717 772 3806 „Siquis
794 3719 962 3785 Diaconos
983 3739 1048 3783 non
1072 3715 1234 3804 suscipiat
1267 3714 1418 3780 Ministe-

167 3805 256 3872 rium
281 3813 316 3872 ct
339 3829 450 3873 curam
472 3807 537 3873 sibi
561 3809 766 3872 commissam
788 3807 913 3896 populi,
938 3807 985 3873 sit
1007 3812 1203 3892 segregatus
1227 3804 1329 3869 donec
1345 3824 1415 3866 eam

167 3897 381 3982 susceperit.“
405 3894 511 3978 Quem
534 3894 701 3961 Cononem
723 3895 900 3961 Balsamon
924 3896 973 3961 sic
996 3896 1258 3982 interpretatur:
1284 3889 1418 3977 „Siquis

166 3981 338 4050 Diacouus
360 3984 402 4049 ad
425 3983 607 4049 docendum
629 3983 851 4072 pertinentem
876 4005 1032 4049 manuum
1055 3981 1299 4070 impositionem
1331 3999 1419 4044 acce-

210 4071 268 4154 rit,
293 4077 328 4137 et
349 4094 444 4138 suum
468 4094 587 4138 munus
611 4095 676 4137 non
699 4070 847 4159 impleat,
872 4078 1099 4159 segregetur.“
1123 4069 1279 4136 Alterum
1299 4087 1418 4132 munus

202 4161 391 4226 iacouorum
414 4166 467 4226 est
489 4161 670 4248 baptizare,
691 4159 725 4225 in
748 4182 843 4245 quem
867 4160 966 4227 finem
990 4166 1024 4226 et
1046 4158 1318 4225 Diaconisaarum
1336 4153 1416 4220 ordo

166 4247 349 4314 institutus
372 4255 433 4316 est.
456 4248 649 4338 Philippum
673 4270 802 4336 quoque
845 4248 1030 4315 Diaconum
1075 4247 1266 4336 baptizasse
1310 4241 1420 4310 Actus

166 4336 409 4426 Apostolorum
432 4343 612 4406 testantur.
636 4337 788 4426 Denique
812 4360 931 4404 munus
953 4335 1093 4404 Diaconi
1128 4340 1181 4400 est
1228 4331 1416 4398 ministrare

165 4423 204 4490 in
227 4424 449 4493 celebratione
471 4425 718 4512 Mysteriorum,
764 4425 927 4514 imprimis
972 4426 1008 4491 in
1043 4423 1210 4490 oblatione
1255 4417 1418 4488 Sacrificii

166 4511 353 4581 Sacerdoti.

169 4675 376 4686 n--t———u

246 4783 265 4856 ¹)
284 4785 367 4842 Actus
384 4783 541 4856 Apostolor.
561 4781 589 4838 C.
610 4783 635 4837 6.
655 4799 681 4836 v.
707 4781 731 4836 1.
