3420 5358
861 390 926 458 282

791 487 996 496 -.-,-.-

366 620 394 700 5.
418 613 470 681 64.
493 611 671 681 Iterandaa
694 615 774 679 suut
796 612 1083 701 proclamationes,
1107 614 1240 698 quaudo
1262 616 1352 680 intra
1368 635 1426 681 sex
1439 620 1519 703 post

275 725 331 774 eas
353 709 506 794 peractas
529 723 657 769 menses
680 702 924 768 matrimonium
946 724 1011 769 nou
1035 703 1264 785 contrahatur,
1289 702 1342 770 vel
1356 706 1541 780 etminori,

271 792 383 882 elapso
405 796 554 881 tempore
575 791 823 857 renovationem
846 787 1031 878 Episcopus
1054 789 1206 878 imperet.
1241 827 1243 832 ·

365 883 393 964 ἕ.
418 879 469 947 65.
493 881 682 967 Antequam
706 876 979 964 proclamationes
1002 877 1069 945 rite
1089 879 1269 947 institutae
1284 877 1423 960 fuerint,
1449 899 1516 944 ma·

269 969 461 1036 trimonium
485 966 576 1034 licite
600 963 753 1034 contrahi
778 968 903 1053 nequit.

269 1147 305 1244 ἕ.
337 1139 734 1246 126.,Ι)ίερθιιεαῒίο
762 1163 789 1220 a
815 1136 1069 1223 Baunisseu
1086 1140 1518 1246 proclamationibus.

362 1289 388 1359 J
388 1313 427 1357 us
448 1286 664 1376 dispensandi
686 1309 704 1352 a
727 1287 1045 1374 proclamationibus
1070 1286 1256 1376 Episcopus
1272 1287 1383 1369 habet,
1397 1287 1522 1376 atejus

267 1377 423 1450 Vioarius
446 1375 623 1465 generalis,
648 1375 713 1441 uisi
736 1376 920 1463 Episcopus
944 1376 1005 1442 sibi
1023 1376 1190 1444 exclusive
1221 1381 1437 1442 reservasset.
1461 1376 1522 1442 Di·

269 1466 439 1554 spensatio
463 1466 504 1532 ob
528 1463 680 1530 omnibus
702 1464 812 1530 tribus
834 1463 1152 1551 proclamationibus
1175 1463 1305 1533 nonnisi
1351 1464 1522 1550 urgentis·

272 1555 363 1622 simis
386 1554 422 1621 iu
445 1551 587 1630 casibus,
611 1572 632 1616 a
655 1551 798 1618 secunda
823 1573 900 1618 vero
924 1557 958 1618 et
981 1551 1086 1619 tertia
1102 1551 1369 1640 ,proclamatione
1384 1551 1522 1620 nonnisi

269 1663 309 1710 ex
334 1645 442 1710 causis
465 1639 676 1708 consideratu
698 1638 811 1726 dignis
834 1643 869 1706 et
892 1639 1099 1707 sufficienter
1121 1639 1269 1728 probatis
1309 1639 1522 1708 concedenda

268 1735 329 1798 est.
352 1733 393 1818 (ξ.
417 1731 469 1798 82.
493 1728 670 1811 Instruct.)
693 1726 732 1792 In
758 1728 899 1796 instanti
922 1728 1040 1796 mortis
1063 1727 1213 1816 periculo
1234 1726 1411 1814 delegatus
1455 1749 1519 1816 par

267 1817 468 1922 Episcopum
489 1816 674 1902 Presbyter
696 1837 716 1880 a
738 1814 863 1882 Baunis
876 1815 1068 1903 dispensare
1081 1821 1202 1904 polest.
1217 1814 1259 1904 (ξ.
1273 1815 1325 1882 83.
1337 1815 1518 1903 Instruct.)

267 1907 480 1995 Dispensatio
504 1905 545 1972 ab
569 1902 720 1970 omnibus
746 1903 855 1970 tribus
877 1903 1202 1992 promulgationibus
1226 1906 1349 1992 absque
1385 1905 1519 1991 gravis-

265 1997 347 2065 sima
371 2017 469 2064 causa
492 1990 683 2078 denegenda
708 2012 772 2058 non
796 1998 857 2072 est,
881 1991 910 2058 si
934 1991 1018 2058 duae
1040 2013 1210 2080 personae,
1234 1985 1337 2082 quae'
1358 1991 1518 2084 conjugio

265 2083 454 2168 sejunctas
476 2081 562 2148 falso
586 2085 750 2159 asserunt,
774 2083 809 2146 et
832 2079 867 2146 in
889 2081 961 2147 loco
985 2079 1143 2156 domicilii
1166 2084 1289 2170 passim
1334 2101 1394 2232 pro
1440 2102 1520 2147 oon·

263 2171 401 2256 jugibus
424 2171 598 2247 habentur,
622 2168 867 2234 matrimonium
890 2167 979 2234 iuter
1002 2189 1037 2234 se
1060 2168 1256 2234 contrahere
1292 2189 1333 2232 vo
1350 2178 1419 2234 unt.
1467 2172 1511 2254 (ξ.

266 2258 332 2345 84.)
356 2258 601 2346 Nupturientea
624 2262 745 2334 tamen,
769 2255 889 2344 quihus
912 2254 1190 2344 proclamationes
1225 2254 1360 2343 penitus
1405 2255 1518 2324 indul-

267 2353 400 2432 gentur,
419 2367 586 2450 nunquam
609 2365 675 2409 nou
698 2349 857 2410 tenentur
879 2366 989 2411 coram
1011 2343 1165 2432 parocho,
1190 2342 1232 2409 ad
1257 2364 1353 2433 quem
1383 2344 1517 2433 copula·

266 2435 315 2501 tio
338 2440 492 2524 spectat„
499 2437 688 2522 juramento
713 2431 853 2512 firmare,
878 2431 965 2520 quod
989 2431 1072 2520 ipsis
1096 2431 1224 2498 nullum
1237 2431 1515 2520 impedimentum

266 2522 421 2611 conjugio
444 2544 504 2591 suo
528 2522 664 2588 obstans
688 2526 802 2586 notum
826 2520 881 2587 sit.
907 2523 948 2606 (ξ.
972 2519 1025 2586 85.
1049 2517 1227 2608 Instruct.)

364 2615 459 2680 Noto.
485 2609 582 2693 Quod
605 2607 635 2675 si
658 2607 770 2694 spousi
803 2606 846 2673 ad
881 2606 964 2677 duas
986 2608 1162 2676 Dioecesas
1193 2612 1343 2698 spectent
1366 2607 1407 2674 ab
1433 2607 1520 2676 utri·

264 2719 370 2787 usque
392 2698 557 2788 Episcopo
580 2694 791 2787 producenda
815 2702 867 2764 est
890 2696 1105 2785 dispensatio.

265 2878 300 2972 ἓ.
331 2874 424 2958 127.
451 2873 649 2959 Vatitum
674 2874 814 2954 status
841 2872 895 2954 ob
909 2871 1140 3020 'delectum
1154 2873 1383 3002 intervalli
1411 2874 1517 2955 tem·

467 3027 469 3032 ·
823 3023 956 3103 porus.

358 3143 437 3212 Jam
460 3143 549 3234 apud
571 3145 739 3214 Romanos
762 3145 1004 3214 observabatur
1027 3171 1133 3217 annus
1156 3145 1278 3226 luctus,
1293 3167 1357 3236 quo
1374 3152 1517 3216 amorte

264 3233 374 3300 mariti
399 3236 540 3300 vetitum
564 3241 638 3301 erat
660 3233 792 3301 mulieri
816 3237 946 3316 nubere,
970 3236 1142 3322 legislatio
1188 3241 1300 3303 autam
1327 3235 1515 3304 Austriaca

264 3324 392 3388 sanxit:
416 3323 446 3387 si
469 3321 570 3389 vidua
593 3328 669 3411 post
694 3329 831 3390 mortem
855 3325 976 3405 mariti,
1000 3331 1061 3392 aut
1083 3323 1337 3414 pronunciatam
1375 3322 1515 3391 nullita-

265 3421 328 3477 tem
353 3411 554 3479 matrimonii
575 3409 717 3498 gravida
741 3411 796 3491 sit,
821 3412 1018 3499 prohibetur
1041 3435 1061 3479 a
1085 3412 1294 3479 matrimonio
1338 3432 1443 3499 usque
1467 3413 1513 3479 ad

263 3502 407 3588 partum,
431 3503 491 3565 aut
513 3499 542 3565 si
566 3497 700 3565 dubium
725 3498 771 3566 sit
794 3499 835 3565 de
857 3501 1072 3585 graviditate,
1097 3505 1176 3567 ante
1200 3498 1416 3566 eflnxumsex
1425 3523 1515 3566 men·

263 3586 349 3654 sium
374 3591 509 3654 vetatur
531 3585 689 3675 copulari.
715 3586 854 3675 Quodsi
871 3611 950 3656 vero
973 3589 1160 3675 graviditas
1206 3587 1442 3654 robabilisnon
1456 3588 1515 3670 sit,

264 3697 337 3741 oum
361 3673 617 3762 dispensatione,
641 3696 738 3759 quam
761 3674 795 3740 iu
820 3698 899 3743 casu
922 3676 1110 3744 declaratae
1124 3611 1293 3742 nuliitatis
1306 3675 1513 3744 matrimonii

263 3761 470 3830 Guberuium
492 3763 691 3850 provinciae,
717 3770 752 3828 et
774 3764 993 3833 Praefectura
1016 3764 1204 3833 Comitatus
1229 3764 1281 3831 vel
1306 3763 1429 3845 circuli,
1476 3765 1514 3831 iu

262 3872 341 3917 casu
366 3873 444 3918 vero
467 3872 658 3936 praecessore
684 3851 800 3919 mortis
824 3853 975 3940 conjugis
999 3858 1132 3920 tautum
1156 3851 1514 3940 Guberninmprcviu-

263 3938 332 4006 ciae
355 3938 609 4024 (Statthalterei
631 3937 879 4028 Laudesstelle)
902 3941 1075 4028 elargitur,
1122 3942 1331 4030 permittitur
1376 3939 1513 4008 nubere.

265 4028 308 4112 (ἕ.
332 4026 384 4094 76.
408 4025 626 4115 Ehapatent.)

262 4206 297 4300 ἓ.
329 4203 422 4287 128.
449 4203 880 4351 Reliqnarequisita
921 4206 976 4322 ad
1018 4207 1260 4289 ineundum
1298 4159 1515 4290 matrimo·

825 4356 959 4413 nrum.
1089 4356 1091 4361 ’

360 4473 394 4559 1)
417 4473 455 4540 Si
478 4474 610 4564 quidem
635 4476 880 4544 matrimonium
904 4481 949 4545 sit
972 4483 1223 4562 sacramentum,
1246 4478 1427 4568 requiritur
1471 4483 1516 4548 ut

262 4562 372 4649 sponsi
396 4562 522 4630 sintin
546 4569 641 4631 statu
655 4566 787 4652 gratiae
810 4566 1060 4649 sanctificantis,
1084 4567 1222 4657 ideoque
1245 4591 1280 4634 se
1312 4571 1391 4634 suta
1413 4585 1515 4656 copu-

262 4648 422 4717 lationem
445 4653 662 4720 sacramentis
685 4655 912 4742 poenitentiae
935 4663 970 4724 et
992 4656 1229 4724 Eucharistiae
1251 4655 1440 4722 emundent.
1466 4659 1512 4740 (ἓ.

265 4736 316 4802 75.
340 4737 606 4826 Instructionis.)
