3468 5368
820 343 886 446 ,ii
935 441 965 448 ..

236 563 337 630 babet
382 562 622 652 plenitudinem
661 563 841 650 potestatis
868 584 991 630 sacrae.
1019 562 1049 629 E
1073 562 1195 650 iscopia
1226 564 1373 630 subsunt
1404 565 1481 630 Pre-

235 649 376 738 sbyteri,
400 673 459 718 seu
480 649 676 718 Sacerdotes
708 650 914 739 simplices,¹)
942 650 1000 738 qui
1031 584 1073 718 ab
1110 649 1232 736 Episco
1256 652 1286 717 is
1326 651 1481 719 obtinent

234 736 500 826 jurisdictionem
522 743 557 805 et
579 737 786 819 facultatem,
810 740 883 806 siue
905 761 971 827 qua
1007 737 1093 804 nihil
1130 674 1358 806 Sacerdotalis
1386 760 1484 826 agere

234 828 416 980 pleasantl)
439 824 614 914 Episcopis
636 827 672 893 in
695 826 846 894 Ecclesia
869 827 997 896 Graeca
1021 832 1182 929 praesunt
1191 826 1487 915 Metropolitae,et

266 914 392 994 nurchi,
438 913 475 981 ui
496 913 592 1002 quasi
613 914 831 982 Patriarchae
853 920 945 994 sunt,
969 919 1005 981 et
1027 937 1062 981 m
1085 914 1178 1002 apice
1200 915 1484 983 Patriarchae.1n

235 999 390 1070 Ecclesia
446 1005 554 1070 nasica
577 1009 612 1070 et
634 1002 772 1084 Graeca,
797 1003 870 1070 loco
892 1002 1119 1084 Patriarchae,
1143 1003 1300 1090 Synodus
1324 1003 1484 1092 dirigens,

235 1090 373 1177 negotia
395 1090 633 1158 Ecclesiastica
656 1091 690 1156 in
715 1114 869 1180 suprema
892 1090 1057 1158 instantia
1069 1090 1207 1158 decidit.

410 1269 446 1366 ἕ.
476 1267 544 1349 22.
573 1270 636 1350 De
662 1268 860 1350 Ecclesia
887 1269 1053 1350 Graeco
1075 1268 1314 1352 Catholica.

332 1411 516 1482 Ecclesiam
541 1413 668 1482 Graeco
692 1413 901 1482 Oatbolicam
924 1415 1137 1482 constituunt
1145 1413 1199 1482 illi
1215 1414 1379 1482 Catholici
1393 1414 1489 1484 chri-

236 1495 353 1580 stiani,
377 1500 434 1590 qui
456 1502 575 1569 Riium
598 1502 763 1570 Graecum
786 1503 967 1569 observant
990 1509 1024 1569 et
1048 1501 1257 1590 disciplinam
1284 1503 1318 1569 in
1341 1502 1490 1590 synodis

236 1585 468 1656 Orientalibus
491 1589 668 1670 decretam,
703 1613 762 1679 per
784 1598 934 1659 sanctam
964 1591 1075 1658 sedem
1106 1591 1337 1678 Apostolicam
1372 1613 1491 1680 apprc-

235 1675 361 1758 batam,
384 1675 541 1746 insensu
561 1679 695 1746 unionis
718 1679 866 1748 Graecae
889 1687 924 1746 et
945 1677 1089 1746 Latinae
1114 1679 1283 1748 Ecclesiae
1295 1678 1331 1746 in
1340 1678 1490 1748 Concilio

235 1760 436 1832 Florentino
457 1773 648 1847 renovatae,
673 1765 768 1854 cujus
790 1766 971 1835 Decretum
996 1789 1137 1855 sequeus
1160 1774 1232 1852 eat;

281 1939 440 2030 [uacuus
464 1941 650 2031 Episcopus,
674 1943 796 2014 Servus
820 1943 994 2016 Servorum
1029 1945 1093 2014 liei.
1116 1945 1161 2016 Ad
1186 1945 1374 2033 perpetuam
1400 1943 1448 2016 rei

771 2073 965 2126 memoriam.

334 2183 572 2251 consentiente
595 2187 637 2251 ad
660 2186 749 2253 infra
773 2188 900 2275 scripta
935 2185 1107 2256 carissimo
1152 2187 1189 2254 in
1236 2185 1373 2254 Christo
1419 2184 1490 2252 filio

235 2275 355 2338 nostro
378 2269 507 2340 Jcanne
530 2271 710 2360 Palaelogo
735 2275 961 2342 Romanorum
983 2275 1186 2363 imperatore
1208 2274 1346 2355 illustri,
1388 2281 1422 2341 et
1446 2272 1492 2339 lo-

237 2361 473 2427 catenentibus
495 2360 735 2428 venerabilium
759 2363 919 2430 Fratrum
942 2368 1134 2430 nostrornm
1156 2361 1433 2451 patriarcharum,
1457 2367 1492 2429 et

238 2448 382 2514 caeteris
406 2449 602 2516 orientalem
624 2450 810 2518 Ecclesiam
837 2452 1180 2540 repraesentantibus.

336 2534 522 2602 Laetantur
544 2536 637 2620 coeli,
662 2547 696 2605 et
718 2539 848 2606 exultet
871 2549 979 2624 terra;
1003 2539 1157 2606 sublatus
1170 2538 1320 2608 estenim
1336 2536 1493 2605 demedio

235 2624 360 2710 paries,
384 2625 442 2711 qui
465 2625 702 2693 occidentalem
725 2627 986 2716 orientalemque
1009 2626 1183 2694 dividebat
1218 2626 1420 2706 Ecclesiam:
1456 2634 1492 2690 et

236 2734 306 2800 pax
328 2719 430 2800 atque
453 2713 627 2780 concordia
649 2715 761 2795 rediit,
786 2716 845 2781 illo
870 2716 1024 2802 angulari
1048 2714 1160 2804 lapide
1183 2713 1494 2802 Christ0,quifecit

236 2806 383 2888 utraque
405 2823 517 2882 unum,
542 2801 676 2870 viuculo
710 2803 894 2870 fortissimo
927 2803 1082 2870 caritatis
1116 2810 1151 2870 et
1182 2804 1275 2892 pacis
1308 2811 1492 2889 utrumqne

234 2885 402 2975 jungente
424 2889 595 2976 parietem,
618 2897 654 2958 et
676 2899 856 2980 perpetuae
889 2891 1033 2958 unitatis
1067 2891 1200 2959 foedere
1239 2914 1275 2958 co
1300 2890 1417 2958 ulante
1451 2911 1497 2955 ac

238 2977 450 3062 continente3
474 2983 615 3067 postque
638 2977 773 3066 longam
796 2980 955 3046 moeroris
967 2979 1177 3059 nebulam,et
1190 2914 1321 3046 dissidii
1338 2978 1493 3044 diuturni

237 3069 349 3129 atram
372 3063 605 3154 ingentemque
629 3067 817 3153 caliginem,
842 3089 996 3134 serenum
1019 3068 1172 3135 omnibus
1194 3067 1330 3133 unionis
1353 3071 1493 3154 optatae

235 3149 339 3238 jubar
361 3151 486 3218 illuxit.
511 3153 665 3222 Gaudeat
689 3162 723 3221 et
747 3165 852 3222 mater
875 3155 1036 3240 Ecclesia,
1061 3178 1145 3244 quae
1167 3155 1256 3222 filios
1280 3177 1358 3221 suos
1384 3155 1494 3221 hacte-

238 3261 305 3306 nus
326 3240 470 3308 invicem
492 3243 703 3323 dissidentes,
716 3242 795 3330 ,jam
820 3243 955 3310 videtin
968 3241 1494 3332 unitatempacemqucrediisse;

240 3335 384 3416 atquae
407 3335 506 3396 autea
527 3331 563 3395 in
586 3354 698 3398 eorum
722 3332 932 3433 separatione
955 3333 1161 3398 amarissime
1173 3331 1287 3411 flebat,
1297 3329 1494 3418 exipsorum

239 3418 337 3482 modo
361 3415 446 3482 mira
468 3420 643 3487 concordia
665 3443 739 3486 cum
761 3419 925 3486 meffabili
947 3420 1070 3506 gaudio
1095 3417 1408 3510 OmnipotentiDeo
1420 3439 1495 3504 gra-

238 3503 307 3571 tias
330 3505 463 3571 reierat.
489 3506 611 3574 Cuncti
633 3508 849 3594 gratulentur
872 3507 987 3573 fideles
1010 3510 1134 3596 ubique
1180 3531 1216 3574 er
1239 3508 1361 3586 orbem,
1385 3511 1421 3572 et
1437 3505 1493 3593 qui

240 3592 427 3659 christiano
450 3602 629 3661 censentur
651 3595 784 3663 nomine
810 3596 907 3662 matri
938 3596 1109 3663 Ecclesiae
1146 3531 1341 3664 datholioae
1375 3592 1492 3660 collae-

240 3687 368 3748 tantur.
393 3680 479 3749 Ecce
502 3683 588 3748 enim
612 3684 844 3765 occidentales,
870 3684 1114 3774 orientalesque
1149 3685 1278 3764 Patres,
1314 3693 1388 3771 post
1427 3681 1496 3747 lon·

240 3769 417 3856 gissimum
439 3771 657 3838 dissensionis
680 3779 802 3861 atquae
825 3772 1009 3839 discordiae
1033 3779 1173 3862 tempus,
1198 3795 1233 3838 ae
1258 3768 1358 3837 maris
1382 3774 1497 3836 etter·

241 3879 303 3924 rae
323 3857 481 3946 periculis
505 3866 717 3961 exponentes,
743 3861 894 3926 omnibus
929 3863 1096 3949 superatis
1134 3860 1315 3938 laboribus,
1352 3857 1394 3924 ad
1434 3857 1498 3924 hoc

241 3967 374 4012 sacrum
397 3967 640 4014 oecumenicum
664 3949 858 4028 Concilium,
884 3948 1047 4015 desiderio
1080 3946 1327 4016 sacratissimae
1348 3944 1495 4024 unionis,
1526 3986 1530 3992 -

242 4041 280 4100 et
303 4034 460 4122 antiquae
484 4035 638 4102 caritatis
662 4036 941 4124 redintegrandae
964 4038 1087 4124 gratia,
1111 4037 1194 4102 laeti
1217 4035 1409 4124 alacresque
1424 4055 1499 4098 cou-

241 4131 418 4204 venerant,
465 4128 499 4190 et
522 4124 710 4192 intentione
732 4147 794 4190 aua
828 4147 1036 4216 nequaquam
1075 4125 1233 4192 frustrati
1279 4133 1370 4190 sunt.
1415 4119 1501 4185 Post

242 4209 379 4298 longam
402 4210 489 4278 enim
508 4210 772 4302 laboriosumque
795 4212 996 4300 indaginem,
1034 4214 1169 4280 tandem
1201 4210 1353 4300 Spiritus
1384 4206 1502 4276 Sancti

323 4387 341 4458 ¹)
360 4390 488 4459 Synodus
507 4390 712 4460 Hierosolvrnit.
734 4407 757 4444 a⁴
779 4390 856 4444 1672.
877 4390 965 4461 Capit.
985 4391 1016 4444 X.
1038 4389 1173 4462 (Harduiu
1193 4387 1223 4442 T.
1243 4385 1286 4440 Xl.
1327 4403 1392 4466 pag..
1425 4381 1503 4466 2433)

241 4461 424 4532 Superiorem
441 4478 509 4516 vero
529 4479 591 4516 essa
611 4463 732 4530 simplici
752 4463 909 4517 sacerdotio
928 4463 1099 4534 pontificiam
1119 4461 1290 4530 dignitatern,
1313 4461 1359 4514 vel
1385 4453 1449 4510 rude
1470 4457 1504 4508 h·

242 4539 320 4604 quet,
339 4535 413 4602 quod
431 4535 604 4590 sacerdotem
624 4539 765 4589 consecret
786 4535 944 4604 Episcopus.
965 4551 1020 4590 nou
1039 4526 1504 4594 vcroasacerdoic,sedaduobus

243 4607 373 4662 tribusve
392 4605 579 4672 Pontificibus,
597 4607 676 4674 juxta
694 4608 890 4676 Apostolorum
912 4607 1048 4674 canones,
1069 4605 1220 4676 Episcopus
1243 4603 1432 4659 consecretur.

322 4679 344 4738 ’ἢ
364 4673 466 4734 Carion.
486 4677 602 4733 xxxix.
625 4679 672 4732 SS.
695 4679 851 4747 AP0³l⁰l⁰¹²
1434 4742 1471 4796 2*
