<?xml version="1.0" encoding="UTF-8"?>
<!DOCTYPE html PUBLIC "-//W3C//DTD XHTML 1.0 Transitional//EN"
    "http://www.w3.org/TR/xhtml1/DTD/xhtml1-transitional.dtd">
<html xmlns="http://www.w3.org/1999/xhtml" xml:lang="en" lang="en">
 <head>
  <title>
</title>
<meta http-equiv="Content-Type" content="text/html;charset=utf-8" />
  <meta name='ocr-system' content='tesseract 3.04.00' />
  <meta name='ocr-capabilities' content='ocr_page ocr_carea ocr_par ocr_line ocrx_word'/>
</head>
<body>
  <div class='ocr_page' id='page_1' title='image "./enchiridionjuri00pappgoog_0296.png"; bbox 0 0 3420 5358; ppageno 0'>
   <div class='ocr_carea' id='block_1_1' title="bbox 232 527 1487 3148">
    <p class='ocr_par' dir='ltr' id='par_1_1' title="bbox 232 527 1487 3148">
     <span class='ocr_line' id='line_1_1' title="bbox 232 527 1473 616; baseline 0 -22"><span class='ocrx_word' id='word_1_1' title='bbox 232 527 341 594; x_wconf 84' lang='lat' dir='ltr'>monis</span> <span class='ocrx_word' id='word_1_2' title='bbox 363 527 452 594; x_wconf 89' lang='lat' dir='ltr'>inter</span> <span class='ocrx_word' id='word_1_3' title='bbox 473 549 632 616; x_wconf 82' lang='lat' dir='ltr'>personas</span> <span class='ocrx_word' id='word_1_4' title='bbox 655 528 888 614; x_wconf 88' lang='lat' dir='ltr'>contingentes</span> <span class='ocrx_word' id='word_1_5' title='bbox 899 551 935 596; x_wconf 89' lang='lat' dir='ltr'>se</span> <span class='ocrx_word' id='word_1_6' title='bbox 947 531 1047 616; x_wconf 78' lang='lat' dir='ltr'>Juxta</span> <span class='ocrx_word' id='word_1_7' title='bbox 1061 550 1173 596; x_wconf 87' lang='lat' dir='ltr'>eorum</span> <span class='ocrx_word' id='word_1_8' title='bbox 1191 528 1473 616; x_wconf 87' lang='lat' dir='ltr'>computationem</span> 
     </span>
     <span class='ocr_line' id='line_1_2' title="bbox 232 614 1477 704; baseline -0.001 -21"><span class='ocrx_word' id='word_1_9' title='bbox 232 620 350 684; x_wconf 83' lang='lat' dir='ltr'>octavo</span> <span class='ocrx_word' id='word_1_10' title='bbox 358 614 475 701; x_wconf 77' lang='lat' dir='ltr'>gradu</span> <span class='ocrx_word' id='word_1_11' title='bbox 484 615 514 682; x_wconf 88' lang='lat' dir='ltr'>si</span> <span class='ocrx_word' id='word_1_12' title='bbox 527 615 705 682; x_wconf 90' lang='lat' dir='ltr'>secuudum</span> <span class='ocrx_word' id='word_1_13' title='bbox 718 615 996 704; x_wconf 82' lang='lat' dir='ltr'>computationem</span> <span class='ocrx_word' id='word_1_14' title='bbox 1006 623 1039 684; x_wconf 90' lang='lat' dir='ltr'>et</span> <span class='ocrx_word' id='word_1_15' title='bbox 1052 615 1301 682; x_wconf 79' lang='lat' dir='ltr'>distinctionem</span> <span class='ocrx_word' id='word_1_16' title='bbox 1314 615 1477 702; x_wconf 85' lang='lat' dir='ltr'>graduum</span> 
     </span>
     <span class='ocr_line' id='line_1_3' title="bbox 233 703 1478 792; baseline 0 -22"><span class='ocrx_word' id='word_1_17' title='bbox 233 725 329 792; x_wconf 85' lang='lat' dir='ltr'>qnam</span> <span class='ocrx_word' id='word_1_18' title='bbox 343 725 402 769; x_wconf 91' lang='lat' dir='ltr'>nos</span> <span class='ocrx_word' id='word_1_19' title='bbox 411 703 550 770; x_wconf 82' lang='lat' dir='ltr'>facimus</span> <span class='ocrx_word' id='word_1_20' title='bbox 573 703 662 792; x_wconf 89' lang='lat' dir='ltr'>apud</span> <span class='ocrx_word' id='word_1_21' title='bbox 673 728 736 770; x_wconf 90' lang='lat' dir='ltr'>nos</span> <span class='ocrx_word' id='word_1_22' title='bbox 748 714 888 792; x_wconf 85' lang='lat' dir='ltr'>quartus</span> <span class='ocrx_word' id='word_1_23' title='bbox 901 705 1051 772; x_wconf 82' lang='lat' dir='ltr'>habetur:</span> <span class='ocrx_word' id='word_1_24' title='bbox 1061 727 1103 770; x_wconf 90' lang='lat' dir='ltr'>ne</span> <span class='ocrx_word' id='word_1_25' title='bbox 1112 703 1147 770; x_wconf 93' lang='lat' dir='ltr'>id</span> <span class='ocrx_word' id='word_1_26' title='bbox 1156 703 1376 791; x_wconf 79' lang='lat' dir='ltr'>permittatur</span> <span class='ocrx_word' id='word_1_27' title='bbox 1389 703 1478 770; x_wconf 90' lang='lat' dir='ltr'>dein·</span> 
     </span>
     <span class='ocr_line' id='line_1_4' title="bbox 233 791 1478 881; baseline 0 -23"><span class='ocrx_word' id='word_1_28' title='bbox 233 813 319 879; x_wconf 90' lang='lat' dir='ltr'>ceps,</span> <span class='ocrx_word' id='word_1_29' title='bbox 331 791 703 879; x_wconf 87' lang='lat' dir='ltr'>tirmiterprohibcmus‚</span> <span class='ocrx_word' id='word_1_30' title='bbox 715 792 869 859; x_wconf 86' lang='lat' dir='ltr'>districte</span> <span class='ocrx_word' id='word_1_31' title='bbox 880 793 1131 881; x_wconf 86' lang='lat' dir='ltr'>praecipientes,</span> <span class='ocrx_word' id='word_1_32' title='bbox 1142 792 1478 878; x_wconf 86' lang='lat' dir='ltr'>utquuminulterio·</span> 
     </span>
     <span class='ocr_line' id='line_1_5' title="bbox 234 879 1477 968; baseline -0.001 -22"><span class='ocrx_word' id='word_1_33' title='bbox 234 879 327 946; x_wconf 83' lang='lat' dir='ltr'>ribus</span> <span class='ocrx_word' id='word_1_34' title='bbox 348 880 509 965; x_wconf 79' lang='lat' dir='ltr'>gradibus</span> <span class='ocrx_word' id='word_1_35' title='bbox 554 880 646 946; x_wconf 89' lang='lat' dir='ltr'>licite</span> <span class='ocrx_word' id='word_1_36' title='bbox 692 881 901 946; x_wconf 85' lang='lat' dir='ltr'>matrimonia</span> <span class='ocrx_word' id='word_1_37' title='bbox 942 880 1194 960; x_wconf 76' lang='lat' dir='ltr'>contrahantur,</span> <span class='ocrx_word' id='word_1_38' title='bbox 1234 879 1266 944; x_wconf 91' lang='lat' dir='ltr'>in</span> <span class='ocrx_word' id='word_1_39' title='bbox 1307 881 1477 968; x_wconf 83' lang='lat' dir='ltr'>praedicto</span> 
     </span>
     <span class='ocr_line' id='line_1_6' title="bbox 233 967 1478 1056; baseline -0.001 -21"><span class='ocrx_word' id='word_1_40' title='bbox 233 971 352 1056; x_wconf 90' lang='lat' dir='ltr'>quarto</span> <span class='ocrx_word' id='word_1_41' title='bbox 376 968 696 1054; x_wconf 85' lang='lat' dir='ltr'>consanguineitctis</span> <span class='ocrx_word' id='word_1_42' title='bbox 721 968 773 1036; x_wconf 92' lang='lat' dir='ltr'>vel</span> <span class='ocrx_word' id='word_1_43' title='bbox 797 968 976 1036; x_wconf 87' lang='lat' dir='ltr'>affinitatis</span> <span class='ocrx_word' id='word_1_44' title='bbox 1007 969 1115 1055; x_wconf 84' lang='lat' dir='ltr'>gradu</span> <span class='ocrx_word' id='word_1_45' title='bbox 1149 967 1295 1055; x_wconf 80' lang='lat' dir='ltr'>copulari</span> <span class='ocrx_word' id='word_1_46' title='bbox 1335 967 1478 1034; x_wconf 88' lang='lat' dir='ltr'>ulterius</span> 
     </span>
     <span class='ocr_line' id='line_1_7' title="bbox 233 1054 1479 1144; baseline 0 -22"><span class='ocrx_word' id='word_1_47' title='bbox 233 1077 298 1122; x_wconf 91' lang='lat' dir='ltr'>non</span> <span class='ocrx_word' id='word_1_48' title='bbox 321 1061 545 1142; x_wconf 85' lang='lat' dir='ltr'>praesumant,</span> <span class='ocrx_word' id='word_1_49' title='bbox 591 1061 757 1123; x_wconf 85' lang='lat' dir='ltr'>statutum</span> <span class='ocrx_word' id='word_1_50' title='bbox 789 1057 823 1123; x_wconf 90' lang='lat' dir='ltr'>in</span> <span class='ocrx_word' id='word_1_51' title='bbox 848 1058 910 1124; x_wconf 92' lang='lat' dir='ltr'>hoc</span> <span class='ocrx_word' id='word_1_52' title='bbox 955 1057 1120 1144; x_wconf 82' lang='lat' dir='ltr'>generalis</span> <span class='ocrx_word' id='word_1_53' title='bbox 1155 1055 1293 1122; x_wconf 81' lang='lat' dir='ltr'>concilii</span> <span class='ocrx_word' id='word_1_54' title='bbox 1329 1054 1479 1142; x_wconf 81' lang='lat' dir='ltr'>(Latera-</span> 
     </span>
     <span class='ocr_line' id='line_1_8' title="bbox 235 1143 1477 1232; baseline -0.002 -22"><span class='ocrx_word' id='word_1_55' title='bbox 235 1145 346 1212; x_wconf 85' lang='lat' dir='ltr'>nensie</span> <span class='ocrx_word' id='word_1_56' title='bbox 369 1145 430 1210; x_wconf 89' lang='lat' dir='ltr'>sub</span> <span class='ocrx_word' id='word_1_57' title='bbox 453 1143 648 1210; x_wconf 82' lang='lat' dir='ltr'>Innocentio</span> <span class='ocrx_word' id='word_1_58' title='bbox 670 1145 751 1232; x_wconf 90' lang='grc' dir='ltr'>ΙΙΙ.)</span> <span class='ocrx_word' id='word_1_59' title='bbox 776 1146 1000 1214; x_wconf 81' lang='lat' dir='ltr'>observantes.</span> <span class='ocrx_word' id='word_1_60' title='bbox 1024 1144 1109 1212; x_wconf 92' lang='lat' dir='ltr'>Illos</span> <span class='ocrx_word' id='word_1_61' title='bbox 1130 1150 1242 1210; x_wconf 84' lang='lat' dir='ltr'>autem</span> <span class='ocrx_word' id='word_1_62' title='bbox 1266 1144 1323 1228; x_wconf 88' lang='lat' dir='ltr'>qui</span> <span class='ocrx_word' id='word_1_63' title='bbox 1350 1144 1418 1231; x_wconf 85' lang='lat' dir='ltr'>jum</span> <span class='ocrx_word' id='word_1_64' title='bbox 1444 1143 1477 1208; x_wconf 90' lang='lat' dir='ltr'>in</span> 
     </span>
     <span class='ocr_line' id='line_1_9' title="bbox 232 1229 1479 1321; baseline 0 -23"><span class='ocrx_word' id='word_1_65' title='bbox 232 1229 339 1318; x_wconf 79' lang='lat' dir='ltr'>gradu</span> <span class='ocrx_word' id='word_1_66' title='bbox 362 1230 550 1319; x_wconf 88' lang='lat' dir='ltr'>hujusmodi</span> <span class='ocrx_word' id='word_1_67' title='bbox 572 1238 821 1314; x_wconf 83' lang='lat' dir='ltr'>contraxerunt,</span> <span class='ocrx_word' id='word_1_68' title='bbox 846 1232 1073 1321; x_wconf 87' lang='lat' dir='ltr'>dispensative</span> <span class='ocrx_word' id='word_1_69' title='bbox 1110 1231 1338 1320; x_wconf 79' lang='lat' dir='ltr'>permittimus</span> <span class='ocrx_word' id='word_1_70' title='bbox 1366 1232 1401 1297; x_wconf 93' lang='lat' dir='ltr'>in</span> <span class='ocrx_word' id='word_1_71' title='bbox 1431 1233 1479 1298; x_wconf 90' lang='lat' dir='ltr'>sic</span> 
     </span>
     <span class='ocr_line' id='line_1_10' title="bbox 234 1318 1476 1390; baseline -0.002 -1"><span class='ocrx_word' id='word_1_72' title='bbox 234 1325 405 1390; x_wconf 87' lang='lat' dir='ltr'>contracto</span> <span class='ocrx_word' id='word_1_73' title='bbox 450 1321 661 1388; x_wconf 88' lang='lat' dir='ltr'>matrimonio</span> <span class='ocrx_word' id='word_1_74' title='bbox 684 1329 882 1388; x_wconf 81' lang='lat' dir='ltr'>remanere‘</span> <span class='ocrx_word' id='word_1_75' title='bbox 910 1321 958 1388; x_wconf 80' lang='lat' dir='ltr'>at</span> <span class='ocrx_word' id='word_1_76' title='bbox 989 1321 1193 1388; x_wconf 80' lang='lat' dir='ltr'>Benedictus</span> <span class='ocrx_word' id='word_1_77' title='bbox 1226 1318 1323 1388; x_wconf 83' lang='lat' dir='ltr'>XIV.</span> <span class='ocrx_word' id='word_1_78' title='bbox 1361 1319 1476 1388; x_wconf 83' lang='lat' dir='ltr'>Const.</span> 
     </span>
     <span class='ocr_line' id='line_1_11' title="bbox 238 1406 1475 1497; baseline 0 -23"><span class='ocrx_word' id='word_1_79' title='bbox 238 1406 331 1490; x_wconf 79' lang='lat' dir='ltr'>,Etsi</span> <span class='ocrx_word' id='word_1_80' title='bbox 353 1407 553 1476; x_wconf 74' lang='lat' dir='ltr'>Pastoralis‘</span> <span class='ocrx_word' id='word_1_81' title='bbox 596 1409 724 1496; x_wconf 84' lang='lat' dir='ltr'>pariter</span> <span class='ocrx_word' id='word_1_82' title='bbox 740 1431 873 1478; x_wconf 90' lang='lat' dir='ltr'>normae</span> <span class='ocrx_word' id='word_1_83' title='bbox 895 1409 1047 1476; x_wconf 89' lang='lat' dir='ltr'>adinstar</span> <span class='ocrx_word' id='word_1_84' title='bbox 1058 1407 1475 1497; x_wconf 77' lang='lat' dir='ltr'>praescripsitrQuoniam</span> 
     </span>
     <span class='ocr_line' id='line_1_12' title="bbox 234 1495 1476 1584; baseline -0.002 -22"><span class='ocrx_word' id='word_1_85' title='bbox 234 1497 352 1581; x_wconf 87' lang='lat' dir='ltr'>inquit,</span> <span class='ocrx_word' id='word_1_86' title='bbox 376 1497 464 1584; x_wconf 88' lang='lat' dir='ltr'>apud</span> <span class='ocrx_word' id='word_1_87' title='bbox 496 1495 642 1564; x_wconf 84' lang='lat' dir='ltr'>Graecos</span> <span class='ocrx_word' id='word_1_88' title='bbox 677 1502 922 1564; x_wconf 87' lang='lat' dir='ltr'>consueverunt</span> <span class='ocrx_word' id='word_1_89' title='bbox 960 1497 1111 1564; x_wconf 83' lang='lat' dir='ltr'>contrahi</span> <span class='ocrx_word' id='word_1_90' title='bbox 1145 1497 1354 1562; x_wconf 89' lang='lat' dir='ltr'>matrimonia</span> <span class='ocrx_word' id='word_1_91' title='bbox 1388 1497 1476 1562; x_wconf 88' lang='lat' dir='ltr'>inter</span> 
     </span>
     <span class='ocr_line' id='line_1_13' title="bbox 235 1585 1479 1674; baseline -0.002 -23"><span class='ocrx_word' id='word_1_92' title='bbox 235 1604 391 1672; x_wconf 87' lang='lat' dir='ltr'>personas</span> <span class='ocrx_word' id='word_1_93' title='bbox 425 1585 658 1672; x_wconf 85' lang='lat' dir='ltr'>contingentes</span> <span class='ocrx_word' id='word_1_94' title='bbox 695 1608 731 1652; x_wconf 89' lang='lat' dir='ltr'>se</span> <span class='ocrx_word' id='word_1_95' title='bbox 764 1586 860 1671; x_wconf 76' lang='lat' dir='ltr'>iuxta</span> <span class='ocrx_word' id='word_1_96' title='bbox 894 1609 1006 1652; x_wconf 90' lang='lat' dir='ltr'>eornm</span> <span class='ocrx_word' id='word_1_97' title='bbox 1044 1587 1322 1674; x_wconf 80' lang='lat' dir='ltr'>computationem</span> <span class='ocrx_word' id='word_1_98' title='bbox 1361 1591 1479 1650; x_wconf 88' lang='lat' dir='ltr'>octavo</span> 
     </span>
     <span class='ocr_line' id='line_1_14' title="bbox 235 1671 1478 1760; baseline -0.002 -22"><span class='ocrx_word' id='word_1_99' title='bbox 235 1672 351 1758; x_wconf 86' lang='lat' dir='ltr'>gradu,</span> <span class='ocrx_word' id='word_1_100' title='bbox 376 1673 432 1760; x_wconf 90' lang='lat' dir='ltr'>qui</span> <span class='ocrx_word' id='word_1_101' title='bbox 455 1673 636 1739; x_wconf 89' lang='lat' dir='ltr'>secundum</span> <span class='ocrx_word' id='word_1_102' title='bbox 660 1695 729 1740; x_wconf 91' lang='lat' dir='ltr'>com</span> <span class='ocrx_word' id='word_1_103' title='bbox 754 1675 939 1740; x_wconf 86' lang='lat' dir='ltr'>utstionem</span> <span class='ocrx_word' id='word_1_104' title='bbox 965 1679 998 1741; x_wconf 90' lang='lat' dir='ltr'>et</span> <span class='ocrx_word' id='word_1_105' title='bbox 1022 1671 1268 1739; x_wconf 86' lang='lat' dir='ltr'>distinctionem</span> <span class='ocrx_word' id='word_1_106' title='bbox 1303 1672 1478 1758; x_wconf 86' lang='lat' dir='ltr'>graduum,</span> 
     </span>
     <span class='ocr_line' id='line_1_15' title="bbox 235 1697 1481 1850; baseline -0.002 -23"><span class='ocrx_word' id='word_1_107' title='bbox 235 1781 330 1849; x_wconf 88' lang='lat' dir='ltr'>quam</span> <span class='ocrx_word' id='word_1_108' title='bbox 354 1760 469 1827; x_wconf 88' lang='lat' dir='ltr'>Latini</span> <span class='ocrx_word' id='word_1_109' title='bbox 492 1761 631 1842; x_wconf 84' lang='lat' dir='ltr'>faciunt,</span> <span class='ocrx_word' id='word_1_110' title='bbox 656 1697 753 1850; x_wconf 61' lang='lat' dir='ltr'>apud³</span> <span class='ocrx_word' id='word_1_111' title='bbox 767 1761 828 1829; x_wconf 89' lang='lat' dir='ltr'>hos</span> <span class='ocrx_word' id='word_1_112' title='bbox 851 1769 991 1850; x_wconf 85' lang='lat' dir='ltr'>quartus</span> <span class='ocrx_word' id='word_1_113' title='bbox 1024 1762 1175 1840; x_wconf 88' lang='lat' dir='ltr'>habetur,</span> <span class='ocrx_word' id='word_1_114' title='bbox 1208 1783 1248 1826; x_wconf 90' lang='lat' dir='ltr'>ne</span> <span class='ocrx_word' id='word_1_115' title='bbox 1278 1759 1314 1827; x_wconf 92' lang='lat' dir='ltr'>id</span> <span class='ocrx_word' id='word_1_116' title='bbox 1347 1781 1481 1848; x_wconf 89' lang='lat' dir='ltr'>praesu·</span> 
     </span>
     <span class='ocr_line' id='line_1_16' title="bbox 236 1845 1481 1939; baseline 0.002 -27"><span class='ocrx_word' id='word_1_117' title='bbox 236 1855 346 1916; x_wconf 81' lang='lat' dir='ltr'>matur</span> <span class='ocrx_word' id='word_1_118' title='bbox 368 1847 522 1936; x_wconf 86' lang='lat' dir='ltr'>deinceps</span> <span class='ocrx_word' id='word_1_119' title='bbox 545 1849 686 1916; x_wconf 86' lang='lat' dir='ltr'>firmiter</span> <span class='ocrx_word' id='word_1_120' title='bbox 709 1849 921 1939; x_wconf 89' lang='lat' dir='ltr'>prohibemus</span> <span class='ocrx_word' id='word_1_121' title='bbox 959 1873 998 1918; x_wconf 89' lang='lat' dir='ltr'>ac</span> <span class='ocrx_word' id='word_1_122' title='bbox 1020 1849 1175 1916; x_wconf 89' lang='lat' dir='ltr'>districte</span> <span class='ocrx_word' id='word_1_123' title='bbox 1186 1847 1297 1936; x_wconf 90' lang='lat' dir='ltr'>praeci</span> <span class='ocrx_word' id='word_1_124' title='bbox 1322 1845 1418 1930; x_wconf 89' lang='lat' dir='ltr'>imus,</span> <span class='ocrx_word' id='word_1_125' title='bbox 1439 1852 1481 1914; x_wconf 91' lang='lat' dir='ltr'>ut</span> 
     </span>
     <span class='ocr_line' id='line_1_17' title="bbox 236 1871 1479 2024; baseline -0.002 -22"><span class='ocrx_word' id='word_1_126' title='bbox 236 1959 308 2004; x_wconf 89' lang='lat' dir='ltr'>cnm</span> <span class='ocrx_word' id='word_1_127' title='bbox 330 1937 364 2002; x_wconf 94' lang='lat' dir='ltr'>in</span> <span class='ocrx_word' id='word_1_128' title='bbox 389 1937 604 2004; x_wconf 83' lang='lat' dir='ltr'>ulterioribus</span> <span class='ocrx_word' id='word_1_129' title='bbox 626 1937 787 2024; x_wconf 84' lang='lat' dir='ltr'>gradibus</span> <span class='ocrx_word' id='word_1_130' title='bbox 811 1937 903 2005; x_wconf 89' lang='lat' dir='ltr'>licite</span> <span class='ocrx_word' id='word_1_131' title='bbox 927 1937 1139 2005; x_wconf 87' lang='lat' dir='ltr'>matrimonia</span> <span class='ocrx_word' id='word_1_132' title='bbox 1177 1871 1421 2004; x_wconf 52' lang='lat' dir='ltr'>contradantur</span> <span class='ocrx_word' id='word_1_133' title='bbox 1443 1935 1479 2001; x_wconf 92' lang='lat' dir='ltr'>in</span> 
     </span>
     <span class='ocr_line' id='line_1_18' title="bbox 236 2021 1482 2113; baseline -0.002 -22"><span class='ocrx_word' id='word_1_134' title='bbox 236 2023 405 2112; x_wconf 88' lang='lat' dir='ltr'>praedicto</span> <span class='ocrx_word' id='word_1_135' title='bbox 428 2031 547 2112; x_wconf 90' lang='lat' dir='ltr'>quarto</span> <span class='ocrx_word' id='word_1_136' title='bbox 571 2025 891 2113; x_wconf 86' lang='lat' dir='ltr'>consanguineitatis</span> <span class='ocrx_word' id='word_1_137' title='bbox 914 2025 970 2093; x_wconf 87' lang='lat' dir='ltr'>vel</span> <span class='ocrx_word' id='word_1_138' title='bbox 993 2025 1172 2092; x_wconf 87' lang='lat' dir='ltr'>affinitatis</span> <span class='ocrx_word' id='word_1_139' title='bbox 1194 2023 1303 2111; x_wconf 80' lang='lat' dir='ltr'>gradu</span> <span class='ocrx_word' id='word_1_140' title='bbox 1332 2021 1482 2110; x_wconf 87' lang='lat' dir='ltr'>copulari</span> 
     </span>
     <span class='ocr_line' id='line_1_19' title="bbox 238 2109 1480 2203; baseline -0.002 -25"><span class='ocrx_word' id='word_1_141' title='bbox 238 2112 378 2180; x_wconf 88' lang='lat' dir='ltr'>ulterius</span> <span class='ocrx_word' id='word_1_142' title='bbox 402 2135 466 2179; x_wconf 92' lang='lat' dir='ltr'>nou</span> <span class='ocrx_word' id='word_1_143' title='bbox 491 2121 712 2200; x_wconf 84' lang='lat' dir='ltr'>praesumant,</span> <span class='ocrx_word' id='word_1_144' title='bbox 737 2121 903 2182; x_wconf 88' lang='lat' dir='ltr'>statutum</span> <span class='ocrx_word' id='word_1_145' title='bbox 927 2113 1034 2203; x_wconf 87' lang='lat' dir='ltr'>quoad</span> <span class='ocrx_word' id='word_1_146' title='bbox 1067 2114 1128 2180; x_wconf 88' lang='lat' dir='ltr'>hoc</span> <span class='ocrx_word' id='word_1_147' title='bbox 1150 2111 1317 2200; x_wconf 83' lang='lat' dir='ltr'>generalis</span> <span class='ocrx_word' id='word_1_148' title='bbox 1338 2109 1480 2178; x_wconf 77' lang='lat' dir='ltr'>Consilii</span> 
     </span>
     <span class='ocr_line' id='line_1_20' title="bbox 238 2199 1481 2288; baseline -0.001 -23"><span class='ocrx_word' id='word_1_149' title='bbox 238 2201 490 2287; x_wconf 83' lang='lat' dir='ltr'>observantes.¹)</span> <span class='ocrx_word' id='word_1_150' title='bbox 516 2201 662 2269; x_wconf 84' lang='lat' dir='ltr'>-Cum</span> <span class='ocrx_word' id='word_1_151' title='bbox 686 2224 765 2270; x_wconf 90' lang='lat' dir='ltr'>vero</span> <span class='ocrx_word' id='word_1_152' title='bbox 789 2202 932 2288; x_wconf 85' lang='lat' dir='ltr'>epistola</span> <span class='ocrx_word' id='word_1_153' title='bbox 960 2201 1148 2270; x_wconf 88' lang='lat' dir='ltr'>Innocentii</span> <span class='ocrx_word' id='word_1_154' title='bbox 1184 2199 1245 2266; x_wconf 81' lang='lat' dir='ltr'>IV.</span> <span class='ocrx_word' id='word_1_155' title='bbox 1280 2222 1340 2287; x_wconf 89' lang='lat' dir='ltr'>pro</span> <span class='ocrx_word' id='word_1_156' title='bbox 1378 2219 1481 2284; x_wconf 86' lang='lat' dir='ltr'>regno</span> 
     </span>
     <span class='ocr_line' id='line_1_21' title="bbox 237 2285 1482 2378; baseline -0.005 -22"><span class='ocrx_word' id='word_1_157' title='bbox 237 2285 339 2378; x_wconf 84' lang='lat' dir='ltr'>Cypri</span> <span class='ocrx_word' id='word_1_158' title='bbox 364 2289 520 2376; x_wconf 89' lang='lat' dir='ltr'>prudenti</span> <span class='ocrx_word' id='word_1_159' title='bbox 546 2291 732 2357; x_wconf 84' lang='lat' dir='ltr'>oeconomia</span> <span class='ocrx_word' id='word_1_160' title='bbox 769 2289 986 2378; x_wconf 83' lang='lat' dir='ltr'>Apostolicae</span> <span class='ocrx_word' id='word_1_161' title='bbox 1015 2289 1111 2357; x_wconf 87' lang='lat' dir='ltr'>Sedis</span> <span class='ocrx_word' id='word_1_162' title='bbox 1142 2311 1206 2355; x_wconf 90' lang='lat' dir='ltr'>non</span> <span class='ocrx_word' id='word_1_163' title='bbox 1230 2286 1336 2354; x_wconf 85' lang='lat' dir='ltr'>fuerit</span> <span class='ocrx_word' id='word_1_164' title='bbox 1374 2287 1482 2374; x_wconf 91' lang='lat' dir='ltr'>publi·</span> 
     </span>
     <span class='ocr_line' id='line_1_22' title="bbox 238 2374 1485 2466; baseline -0.001 -24"><span class='ocrx_word' id='word_1_165' title='bbox 238 2384 323 2457; x_wconf 82' lang='lat' dir='ltr'>cate,</span> <span class='ocrx_word' id='word_1_166' title='bbox 370 2400 474 2461; x_wconf 78' lang='lat' dir='ltr'>ireque</span> <span class='ocrx_word' id='word_1_167' title='bbox 498 2377 545 2442; x_wconf 90' lang='lat' dir='ltr'>ad</span> <span class='ocrx_word' id='word_1_168' title='bbox 565 2377 691 2458; x_wconf 83' lang='lat' dir='ltr'>praxim</span> <span class='ocrx_word' id='word_1_169' title='bbox 726 2379 760 2444; x_wconf 91' lang='lat' dir='ltr'>in</span> <span class='ocrx_word' id='word_1_170' title='bbox 790 2401 892 2466; x_wconf 86' lang='lat' dir='ltr'>regno</span> <span class='ocrx_word' id='word_1_171' title='bbox 939 2377 1043 2466; x_wconf 85' lang='lat' dir='ltr'>Cypri</span> <span class='ocrx_word' id='word_1_172' title='bbox 1079 2375 1231 2455; x_wconf 85' lang='lat' dir='ltr'>deducta,</span> <span class='ocrx_word' id='word_1_173' title='bbox 1277 2374 1485 2442; x_wconf 76' lang='lat' dir='ltr'>constitutio</span> 
     </span>
     <span class='ocr_line' id='line_1_23' title="bbox 239 2463 1484 2553; baseline -0.002 -24"><span class='ocrx_word' id='word_1_174' title='bbox 239 2470 349 2530; x_wconf 83' lang='lat' dir='ltr'>sutem</span> <span class='ocrx_word' id='word_1_175' title='bbox 371 2465 545 2532; x_wconf 88' lang='lat' dir='ltr'>Benedicti</span> <span class='ocrx_word' id='word_1_176' title='bbox 568 2465 664 2534; x_wconf 86' lang='lat' dir='ltr'>XIV.</span> <span class='ocrx_word' id='word_1_177' title='bbox 692 2467 787 2547; x_wconf 78' lang='lat' dir='ltr'>,Etsi</span> <span class='ocrx_word' id='word_1_178' title='bbox 831 2469 1027 2553; x_wconf 82' lang='lat' dir='ltr'>pastoralis‘</span> <span class='ocrx_word' id='word_1_179' title='bbox 1045 2463 1294 2532; x_wconf 78' lang='lat' dir='ltr'>Italo-Graecos</span> <span class='ocrx_word' id='word_1_180' title='bbox 1313 2463 1484 2550; x_wconf 87' lang='lat' dir='ltr'>respiciat,</span> 
     </span>
     <span class='ocr_line' id='line_1_24' title="bbox 239 2547 1483 2639; baseline 0 -23"><span class='ocrx_word' id='word_1_181' title='bbox 239 2574 303 2618; x_wconf 90' lang='lat' dir='ltr'>non</span> <span class='ocrx_word' id='word_1_182' title='bbox 326 2575 405 2620; x_wconf 87' lang='lat' dir='ltr'>vero</span> <span class='ocrx_word' id='word_1_183' title='bbox 429 2575 541 2620; x_wconf 87' lang='lat' dir='ltr'>omues</span> <span class='ocrx_word' id='word_1_184' title='bbox 565 2553 774 2622; x_wconf 86' lang='lat' dir='ltr'>Orientales:</span> <span class='ocrx_word' id='word_1_185' title='bbox 798 2554 872 2620; x_wconf 92' lang='lat' dir='ltr'>ideo</span> <span class='ocrx_word' id='word_1_186' title='bbox 896 2577 962 2621; x_wconf 93' lang='lat' dir='ltr'>non</span> <span class='ocrx_word' id='word_1_187' title='bbox 985 2553 1151 2620; x_wconf 88' lang='lat' dir='ltr'>immerito</span> <span class='ocrx_word' id='word_1_188' title='bbox 1165 2551 1229 2618; x_wconf 90' lang='lat' dir='ltr'>dici</span> <span class='ocrx_word' id='word_1_189' title='bbox 1252 2558 1374 2639; x_wconf 85' lang='lat' dir='ltr'>potest,</span> <span class='ocrx_word' id='word_1_190' title='bbox 1402 2547 1483 2618; x_wconf 89' lang='lat' dir='ltr'>tole-</span> 
     </span>
     <span class='ocr_line' id='line_1_25' title="bbox 239 2640 1486 2730; baseline -0.001 -24"><span class='ocrx_word' id='word_1_191' title='bbox 239 2641 347 2708; x_wconf 87' lang='lat' dir='ltr'>rantia</span> <span class='ocrx_word' id='word_1_192' title='bbox 371 2663 410 2707; x_wconf 90' lang='lat' dir='ltr'>ac</span> <span class='ocrx_word' id='word_1_193' title='bbox 433 2641 644 2728; x_wconf 86' lang='lat' dir='ltr'>indulgentia</span> <span class='ocrx_word' id='word_1_194' title='bbox 666 2642 814 2728; x_wconf 82' lang='lat' dir='ltr'>ejusdem</span> <span class='ocrx_word' id='word_1_195' title='bbox 837 2642 931 2709; x_wconf 87' lang='lat' dir='ltr'>Sedis</span> <span class='ocrx_word' id='word_1_196' title='bbox 954 2641 1170 2730; x_wconf 88' lang='lat' dir='ltr'>Apostolicae</span> <span class='ocrx_word' id='word_1_197' title='bbox 1190 2640 1318 2706; x_wconf 85' lang='lat' dir='ltr'>factum</span> <span class='ocrx_word' id='word_1_198' title='bbox 1340 2661 1422 2720; x_wconf 80' lang='lat' dir='ltr'>esse,</span> <span class='ocrx_word' id='word_1_199' title='bbox 1446 2644 1486 2705; x_wconf 91' lang='lat' dir='ltr'>ut</span> 
     </span>
     <span class='ocr_line' id='line_1_26' title="bbox 240 2729 1487 2814; baseline 0.001 -21"><span class='ocrx_word' id='word_1_200' title='bbox 240 2729 450 2796; x_wconf 85' lang='lat' dir='ltr'>matrimonia</span> <span class='ocrx_word' id='word_1_201' title='bbox 481 2731 513 2796; x_wconf 90' lang='lat' dir='ltr'>in</span> <span class='ocrx_word' id='word_1_202' title='bbox 551 2729 702 2798; x_wconf 82' lang='lat' dir='ltr'>Ecclesia</span> <span class='ocrx_word' id='word_1_203' title='bbox 736 2729 903 2796; x_wconf 85' lang='lat' dir='ltr'>Orientali</span> <span class='ocrx_word' id='word_1_204' title='bbox 937 2733 1020 2796; x_wconf 89' lang='lat' dir='ltr'>inita</span> <span class='ocrx_word' id='word_1_205' title='bbox 1054 2731 1143 2796; x_wconf 91' lang='lat' dir='ltr'>inter</span> <span class='ocrx_word' id='word_1_206' title='bbox 1166 2729 1428 2814; x_wconf 81' lang='lat' dir='ltr'>consanguineos</span> <span class='ocrx_word' id='word_1_207' title='bbox 1450 2732 1487 2794; x_wconf 86' lang='lat' dir='ltr'>et</span> 
     </span>
     <span class='ocr_line' id='line_1_27' title="bbox 239 2815 1487 2905; baseline 0 -24"><span class='ocrx_word' id='word_1_208' title='bbox 239 2816 366 2897; x_wconf 82' lang='lat' dir='ltr'>affines,</span> <span class='ocrx_word' id='word_1_209' title='bbox 401 2820 457 2905; x_wconf 90' lang='lat' dir='ltr'>qui</span> <span class='ocrx_word' id='word_1_210' title='bbox 481 2823 599 2884; x_wconf 87' lang='lat' dir='ltr'>octavo</span> <span class='ocrx_word' id='word_1_211' title='bbox 623 2818 713 2885; x_wconf 91' lang='lat' dir='ltr'>iuter</span> <span class='ocrx_word' id='word_1_212' title='bbox 735 2841 771 2885; x_wconf 91' lang='lat' dir='ltr'>se</span> <span class='ocrx_word' id='word_1_213' title='bbox 795 2817 923 2885; x_wconf 81' lang='lat' dir='ltr'>distent</span> <span class='ocrx_word' id='word_1_214' title='bbox 958 2818 1112 2886; x_wconf 86' lang='lat' dir='ltr'>orientali</span> <span class='ocrx_word' id='word_1_215' title='bbox 1143 2815 1260 2904; x_wconf 82' lang='lat' dir='ltr'>gradu,</span> <span class='ocrx_word' id='word_1_216' title='bbox 1284 2838 1351 2882; x_wconf 90' lang='lat' dir='ltr'>non</span> <span class='ocrx_word' id='word_1_217' title='bbox 1373 2820 1487 2882; x_wconf 86' lang='lat' dir='ltr'>esseut</span> 
     </span>
     <span class='ocr_line' id='line_1_28' title="bbox 238 2902 1486 3009; baseline 0.001 -40"><span class='ocrx_word' id='word_1_218' title='bbox 238 2903 345 2986; x_wconf 87' lang='lat' dir='ltr'>irrita,</span> <span class='ocrx_word' id='word_1_219' title='bbox 370 2905 435 2972; x_wconf 89' lang='lat' dir='ltr'>nisi</span> <span class='ocrx_word' id='word_1_220' title='bbox 459 2910 580 2990; x_wconf 86' lang='lat' dir='ltr'>agetur</span> <span class='ocrx_word' id='word_1_221' title='bbox 603 2905 644 2972; x_wconf 90' lang='lat' dir='ltr'>de</span> <span class='ocrx_word' id='word_1_222' title='bbox 666 2907 777 2996; x_wconf 87' lang='lat' dir='ltr'>aliqua</span> <span class='ocrx_word' id='word_1_223' title='bbox 817 2906 1021 2974; x_wconf 80' lang='lat' dir='ltr'>Graecorum</span> <span class='ocrx_word' id='word_1_224' title='bbox 1059 2905 1241 3009; x_wconf 87' lang='lat' dir='ltr'>provincia,</span> <span class='ocrx_word' id='word_1_225' title='bbox 1272 2925 1333 2991; x_wconf 89' lang='lat' dir='ltr'>pro</span> <span class='ocrx_word' id='word_1_226' title='bbox 1355 2925 1422 2991; x_wconf 82' lang='lat' dir='ltr'>qua</span> <span class='ocrx_word' id='word_1_227' title='bbox 1444 2902 1486 2970; x_wconf 90' lang='lat' dir='ltr'>ab</span> 
     </span>
     <span class='ocr_line' id='line_1_29' title="bbox 237 2989 1487 3146; baseline -0.001 -87"><span class='ocrx_word' id='word_1_228' title='bbox 237 2991 433 3146; x_wconf 49' lang='lat' dir='ltr'>§apostolice</span> <span class='ocrx_word' id='word_1_229' title='bbox 468 2993 552 3060; x_wconf 83' lang='lat' dir='ltr'>Sede</span> <span class='ocrx_word' id='word_1_230' title='bbox 586 2994 687 3061; x_wconf 89' lang='lat' dir='ltr'>aliter</span> <span class='ocrx_word' id='word_1_231' title='bbox 731 2995 935 3062; x_wconf 86' lang='lat' dir='ltr'>declaratum</span> <span class='ocrx_word' id='word_1_232' title='bbox 982 2993 1095 3076; x_wconf 80' lang='lat' dir='ltr'>fuent,</span> <span class='ocrx_word' id='word_1_233' title='bbox 1135 3002 1236 3081; x_wconf 86' lang='lat' dir='ltr'>prout</span> <span class='ocrx_word' id='word_1_234' title='bbox 1281 2997 1414 3059; x_wconf 86' lang='lat' dir='ltr'>constat</span> <span class='ocrx_word' id='word_1_235' title='bbox 1445 2989 1487 3058; x_wconf 82' lang='lat' dir='ltr'>(le</span> 
     </span>
     <span class='ocr_line' id='line_1_30' title="bbox 274 3081 426 3148; baseline 0.007 -2"><span class='ocrx_word' id='word_1_236' title='bbox 274 3081 426 3148; x_wconf 83' lang='lat' dir='ltr'>cronitis.</span> 
     </span>
    </p>
   </div>
   <div class='ocr_carea' id='block_1_2' title="bbox 238 3257 1487 3739">
    <p class='ocr_par' dir='ltr' id='par_1_2' title="bbox 238 3257 1487 3363">
     <span class='ocr_line' id='line_1_31' title="bbox 238 3257 1487 3363; baseline 0.001 -24"><span class='ocrx_word' id='word_1_237' title='bbox 238 3263 273 3356; x_wconf 65' lang='grc' dir='ltr'>ἓ.</span> <span class='ocrx_word' id='word_1_238' title='bbox 305 3258 398 3360; x_wconf 87' lang='grc'><strong>110.</strong></span> <span class='ocrx_word' id='word_1_239' title='bbox 427 3259 537 3342; x_wconf 88' lang='lat' dir='ltr'>Num</span> <span class='ocrx_word' id='word_1_240' title='bbox 563 3257 771 3363; x_wconf 86' lang='lat' dir='ltr'>conjugia</span> <span class='ocrx_word' id='word_1_241' title='bbox 799 3258 1048 3341; x_wconf 89' lang='lat' dir='ltr'>Infidelium</span> <span class='ocrx_word' id='word_1_242' title='bbox 1086 3261 1130 3340; x_wconf 87' lang='lat' dir='ltr'>et</span> <span class='ocrx_word' id='word_1_243' title='bbox 1155 3257 1487 3340; x_wconf 85' lang='lat' dir='ltr'>Haereticorum</span> 
     </span>
    </p>

    <p class='ocr_par' dir='ltr' id='par_1_3' title="bbox 238 3383 1487 3488">
     <span class='ocr_line' id='line_1_32' title="bbox 238 3383 1487 3488; baseline 0 -22"><span class='ocrx_word' id='word_1_244' title='bbox 238 3386 294 3466; x_wconf 85' lang='lat' dir='ltr'>ad</span> <span class='ocrx_word' id='word_1_245' title='bbox 320 3385 559 3468; x_wconf 84' lang='lat' dir='ltr'>Ecclesiam</span> <span class='ocrx_word' id='word_1_246' title='bbox 599 3409 907 3466; x_wconf 86' lang='lat' dir='ltr'>conversorum</span> <span class='ocrx_word' id='word_1_247' title='bbox 950 3408 1045 3466; x_wconf 89' lang='lat' dir='ltr'>cum</span> <span class='ocrx_word' id='word_1_248' title='bbox 1089 3383 1398 3488; x_wconf 87' lang='lat' dir='ltr'>impedimento</span> <span class='ocrx_word' id='word_1_249' title='bbox 1426 3384 1487 3466; x_wconf 91' lang='lat' dir='ltr'>di·</span> 
     </span>
    </p>

    <p class='ocr_par' dir='ltr' id='par_1_4' title="bbox 238 3509 1487 3739">
     <span class='ocr_line' id='line_1_33' title="bbox 238 3509 1487 3614; baseline -0.002 -22"><span class='ocrx_word' id='word_1_250' title='bbox 238 3510 424 3593; x_wconf 88' lang='lat' dir='ltr'>rimente</span> <span class='ocrx_word' id='word_1_251' title='bbox 451 3509 876 3614; x_wconf 84' lang='lat' dir='ltr'>consangnineitutis</span> <span class='ocrx_word' id='word_1_252' title='bbox 903 3513 1005 3592; x_wconf 90' lang='lat' dir='ltr'>aute</span> <span class='ocrx_word' id='word_1_253' title='bbox 1033 3511 1362 3592; x_wconf 84' lang='lat' dir='ltr'>conversionem</span> <span class='ocrx_word' id='word_1_254' title='bbox 1392 3532 1487 3591; x_wconf 87' lang='lat' dir='ltr'>con·</span> 
     </span>
     <span class='ocr_line' id='line_1_34' title="bbox 575 3637 1158 3739; baseline 0 -23"><span class='ocrx_word' id='word_1_255' title='bbox 575 3639 718 3718; x_wconf 86' lang='lat' dir='ltr'>tracta</span> <span class='ocrx_word' id='word_1_256' title='bbox 743 3638 926 3719; x_wconf 88' lang='lat' dir='ltr'>tolerari</span> <span class='ocrx_word' id='word_1_257' title='bbox 953 3637 1158 3739; x_wconf 75' lang='lat' dir='ltr'>possint?</span> 
     </span>
    </p>
   </div>
   <div class='ocr_carea' id='block_1_3' title="bbox 236 3802 1489 4598">
    <p class='ocr_par' dir='ltr' id='par_1_5' title="bbox 236 3802 1489 4598">
     <span class='ocr_line' id='line_1_35' title="bbox 334 3802 1489 3894; baseline -0.003 -23"><span class='ocrx_word' id='word_1_258' title='bbox 334 3805 452 3888; x_wconf 77' lang='lat' dir='ltr'>Quoad</span> <span class='ocrx_word' id='word_1_259' title='bbox 474 3805 658 3872; x_wconf 88' lang='lat' dir='ltr'>infidelium</span> <span class='ocrx_word' id='word_1_260' title='bbox 682 3827 747 3872; x_wconf 92' lang='lat' dir='ltr'>non</span> <span class='ocrx_word' id='word_1_261' title='bbox 783 3805 1029 3894; x_wconf 83' lang='lat' dir='ltr'>baptizatorum</span> <span class='ocrx_word' id='word_1_262' title='bbox 1068 3809 1145 3894; x_wconf 88' lang='lat' dir='ltr'>post</span> <span class='ocrx_word' id='word_1_263' title='bbox 1176 3808 1351 3870; x_wconf 80' lang='lat' dir='ltr'>contrecta</span> <span class='ocrx_word' id='word_1_264' title='bbox 1374 3802 1489 3870; x_wconf 81' lang='lat' dir='ltr'>matri·</span> 
     </span>
     <span class='ocr_line' id='line_1_36' title="bbox 238 3891 1485 3961; baseline 0 -3"><span class='ocrx_word' id='word_1_265' title='bbox 238 3893 349 3960; x_wconf 88' lang='lat' dir='ltr'>monia</span> <span class='ocrx_word' id='word_1_266' title='bbox 370 3893 414 3959; x_wconf 90' lang='lat' dir='ltr'>ad</span> <span class='ocrx_word' id='word_1_267' title='bbox 429 3893 602 3960; x_wconf 89' lang='lat' dir='ltr'>ecclesiam</span> <span class='ocrx_word' id='word_1_268' title='bbox 610 3915 845 3961; x_wconf 90' lang='lat' dir='ltr'>conversorum</span> <span class='ocrx_word' id='word_1_269' title='bbox 857 3893 1022 3961; x_wconf 88' lang='lat' dir='ltr'>connubia</span> <span class='ocrx_word' id='word_1_270' title='bbox 1034 3892 1239 3960; x_wconf 88' lang='lat' dir='ltr'>conveniunt</span> <span class='ocrx_word' id='word_1_271' title='bbox 1273 3891 1485 3960; x_wconf 80' lang='lat' dir='ltr'>Cenonistae‘</span> 
     </span>
     <span class='ocr_line' id='line_1_37' title="bbox 238 3979 1489 4068; baseline -0.001 -23"><span class='ocrx_word' id='word_1_272' title='bbox 238 3984 375 4068; x_wconf 87' lang='lat' dir='ltr'>excepto</span> <span class='ocrx_word' id='word_1_273' title='bbox 397 3981 427 4048; x_wconf 86' lang='lat' dir='ltr'>si</span> <span class='ocrx_word' id='word_1_274' title='bbox 450 3981 663 4048; x_wconf 87' lang='lat' dir='ltr'>matrimonia</span> <span class='ocrx_word' id='word_1_275' title='bbox 685 4004 798 4048; x_wconf 88' lang='lat' dir='ltr'>eorum</span> <span class='ocrx_word' id='word_1_276' title='bbox 821 3986 994 4050; x_wconf 83' lang='lat' dir='ltr'>contracte</span> <span class='ocrx_word' id='word_1_277' title='bbox 1017 3987 1130 4050; x_wconf 89' lang='lat' dir='ltr'>essent</span> <span class='ocrx_word' id='word_1_278' title='bbox 1153 4002 1226 4047; x_wconf 90' lang='lat' dir='ltr'>cum</span> <span class='ocrx_word' id='word_1_279' title='bbox 1253 3979 1489 4068; x_wconf 85' lang='lat' dir='ltr'>impedimento</span> 
     </span>
     <span class='ocr_line' id='line_1_38' title="bbox 236 4067 1488 4154; baseline -0.002 -20"><span class='ocrx_word' id='word_1_280' title='bbox 236 4067 321 4154; x_wconf 86' lang='lat' dir='ltr'>juris</span> <span class='ocrx_word' id='word_1_281' title='bbox 344 4069 510 4138; x_wconf 88' lang='lat' dir='ltr'>naturalis</span> <span class='ocrx_word' id='word_1_282' title='bbox 533 4077 568 4137; x_wconf 91' lang='lat' dir='ltr'>et</span> <span class='ocrx_word' id='word_1_283' title='bbox 591 4069 706 4148; x_wconf 89' lang='lat' dir='ltr'>divini,</span> <span class='ocrx_word' id='word_1_284' title='bbox 732 4070 784 4137; x_wconf 92' lang='lat' dir='ltr'>uti</span> <span class='ocrx_word' id='word_1_285' title='bbox 806 4070 840 4135; x_wconf 92' lang='lat' dir='ltr'>in</span> <span class='ocrx_word' id='word_1_286' title='bbox 873 4069 963 4136; x_wconf 88' lang='lat' dir='ltr'>linea</span> <span class='ocrx_word' id='word_1_287' title='bbox 985 4077 1077 4138; x_wconf 83' lang='lat' dir='ltr'>recta</span> <span class='ocrx_word' id='word_1_288' title='bbox 1102 4072 1191 4135; x_wconf 90' lang='lat' dir='ltr'>inter</span> <span class='ocrx_word' id='word_1_289' title='bbox 1220 4067 1488 4136; x_wconf 85' lang='lat' dir='ltr'>ascendenlcset</span> 
     </span>
     <span class='ocr_line' id='line_1_39' title="bbox 239 4155 1489 4246; baseline -0.002 -24"><span class='ocrx_word' id='word_1_290' title='bbox 239 4155 486 4240; x_wconf 88' lang='lat' dir='ltr'>descendentes,</span> <span class='ocrx_word' id='word_1_291' title='bbox 509 4165 611 4246; x_wconf 86' lang='lat' dir='ltr'>atque</span> <span class='ocrx_word' id='word_1_292' title='bbox 635 4157 723 4223; x_wconf 89' lang='lat' dir='ltr'>linea</span> <span class='ocrx_word' id='word_1_293' title='bbox 746 4157 952 4224; x_wconf 83' lang='lat' dir='ltr'>collateralis</span> <span class='ocrx_word' id='word_1_294' title='bbox 975 4160 1116 4244; x_wconf 84' lang='lat' dir='ltr'>primurn</span> <span class='ocrx_word' id='word_1_295' title='bbox 1139 4157 1279 4242; x_wconf 86' lang='lat' dir='ltr'>gradum</span> <span class='ocrx_word' id='word_1_296' title='bbox 1291 4156 1489 4240; x_wconf 82' lang='lat' dir='ltr'>consangui-</span> 
     </span>
     <span class='ocr_line' id='line_1_40' title="bbox 240 4244 1485 4348; baseline -0.002 -36"><span class='ocrx_word' id='word_1_297' title='bbox 240 4245 378 4314; x_wconf 83' lang='lat' dir='ltr'>neitntis</span> <span class='ocrx_word' id='word_1_298' title='bbox 400 4269 464 4313; x_wconf 88' lang='lat' dir='ltr'>uon</span> <span class='ocrx_word' id='word_1_299' title='bbox 500 4268 572 4313; x_wconf 89' lang='lat' dir='ltr'>esse</span> <span class='ocrx_word' id='word_1_300' title='bbox 606 4246 801 4334; x_wconf 84' lang='lat' dir='ltr'>separanda,</span> <span class='ocrx_word' id='word_1_301' title='bbox 837 4252 871 4312; x_wconf 91' lang='lat' dir='ltr'>et</span> <span class='ocrx_word' id='word_1_302' title='bbox 908 4267 1021 4312; x_wconf 88' lang='lat' dir='ltr'>eorum</span> <span class='ocrx_word' id='word_1_303' title='bbox 1057 4245 1168 4348; x_wconf 86' lang='lat' dir='ltr'>proles</span> <span class='ocrx_word' id='word_1_304' title='bbox 1198 4244 1368 4330; x_wconf 78' lang='lat' dir='ltr'>legitimas</span> <span class='ocrx_word' id='word_1_305' title='bbox 1401 4263 1485 4312; x_wconf 85' lang='lat' dir='ltr'>esse.</span> 
     </span>
     <span class='ocr_line' id='line_1_41' title="bbox 239 4331 1486 4402; baseline -0.002 -2"><span class='ocrx_word' id='word_1_306' title='bbox 239 4331 345 4400; x_wconf 89' lang='lat' dir='ltr'>Aliud</span> <span class='ocrx_word' id='word_1_307' title='bbox 368 4341 480 4400; x_wconf 90' lang='lat' dir='ltr'>autem</span> <span class='ocrx_word' id='word_1_308' title='bbox 505 4342 557 4402; x_wconf 87' lang='lat' dir='ltr'>est</span> <span class='ocrx_word' id='word_1_309' title='bbox 580 4333 837 4402; x_wconf 86' lang='lat' dir='ltr'>Canonistarum</span> <span class='ocrx_word' id='word_1_310' title='bbox 859 4335 947 4402; x_wconf 83' lang='lat' dir='ltr'>circs</span> <span class='ocrx_word' id='word_1_311' title='bbox 971 4335 1217 4400; x_wconf 80' lang='lat' dir='ltr'>matrimonium</span> <span class='ocrx_word' id='word_1_312' title='bbox 1242 4333 1486 4400; x_wconf 84' lang='lat' dir='ltr'>haereticorum</span> 
     </span>
     <span class='ocr_line' id='line_1_42' title="bbox 237 4419 1489 4510; baseline 0 -24"><span class='ocrx_word' id='word_1_313' title='bbox 237 4421 421 4508; x_wconf 88' lang='lat' dir='ltr'>judicium;</span> <span class='ocrx_word' id='word_1_314' title='bbox 454 4445 528 4489; x_wconf 89' lang='lat' dir='ltr'>cum</span> <span class='ocrx_word' id='word_1_315' title='bbox 551 4422 637 4488; x_wconf 91' lang='lat' dir='ltr'>enim</span> <span class='ocrx_word' id='word_1_316' title='bbox 661 4422 697 4488; x_wconf 92' lang='lat' dir='ltr'>hi</span> <span class='ocrx_word' id='word_1_317' title='bbox 720 4422 889 4490; x_wconf 82' lang='lat' dir='ltr'>Ecclesiae</span> <span class='ocrx_word' id='word_1_318' title='bbox 917 4420 1144 4510; x_wconf 87' lang='lat' dir='ltr'>jurisdictioni</span> <span class='ocrx_word' id='word_1_319' title='bbox 1180 4420 1305 4488; x_wconf 90' lang='lat' dir='ltr'>subditi</span> <span class='ocrx_word' id='word_1_320' title='bbox 1340 4419 1411 4486; x_wconf 89' lang='lat' dir='ltr'>sint</span> <span class='ocrx_word' id='word_1_321' title='bbox 1449 4441 1489 4486; x_wconf 84' lang='lat' dir='ltr'>ex</span> 
     </span>
     <span class='ocr_line' id='line_1_43' title="bbox 240 4505 1489 4598; baseline -0.002 -22"><span class='ocrx_word' id='word_1_322' title='bbox 240 4531 303 4597; x_wconf 90' lang='lat' dir='ltr'>quo</span> <span class='ocrx_word' id='word_1_323' title='bbox 326 4509 528 4598; x_wconf 88' lang='lat' dir='ltr'>baptismum</span> <span class='ocrx_word' id='word_1_324' title='bbox 552 4517 779 4598; x_wconf 88' lang='lat' dir='ltr'>susceperunt,</span> <span class='ocrx_word' id='word_1_325' title='bbox 794 4509 924 4598; x_wconf 86' lang='lat' dir='ltr'>legibus</span> <span class='ocrx_word' id='word_1_326' title='bbox 936 4531 1065 4595; x_wconf 87' lang='lat' dir='ltr'>quoque</span> <span class='ocrx_word' id='word_1_327' title='bbox 1077 4508 1312 4580; x_wconf 78' lang='lat' dir='ltr'>ecclesiasticis</span> <span class='ocrx_word' id='word_1_328' title='bbox 1336 4505 1489 4594; x_wconf 79' lang='lat' dir='ltr'>obligen-</span> 
     </span>
    </p>
   </div>
   <div class='ocr_carea' id='block_1_4' title="bbox 314 4687 835 4760">
    <p class='ocr_par' dir='ltr' id='par_1_6' title="bbox 314 4687 835 4760">
     <span class='ocr_line' id='line_1_44' title="bbox 314 4687 835 4760; baseline -0.006 -17"><span class='ocrx_word' id='word_1_329' title='bbox 314 4689 333 4760; x_wconf 87' lang='lat'>¹)</span> <span class='ocrx_word' id='word_1_330' title='bbox 353 4687 507 4743; x_wconf 79' lang='lat' dir='ltr'>Kntcshlrer</span> <span class='ocrx_word' id='word_1_331' title='bbox 525 4687 602 4742; x_wconf 85' lang='lat' dir='ltr'>Torn.</span> <span class='ocrx_word' id='word_1_332' title='bbox 623 4688 665 4742; x_wconf 93' lang='lat' dir='ltr'>lll.</span> <span class='ocrx_word' id='word_1_333' title='bbox 693 4703 754 4758; x_wconf 85' lang='lat' dir='ltr'>pag.</span> <span class='ocrx_word' id='word_1_334' title='bbox 774 4687 835 4740; x_wconf 79' lang='lat'><strong>303.</strong></span> 
     </span>
    </p>
   </div>
   <div class='ocr_carea' id='block_1_5' title="bbox 0 0 1727 5358">
    <p class='ocr_par' dir='ltr' id='par_1_7' title="bbox 0 0 1727 5358">
     <span class='ocr_line' id='line_1_45' title="bbox 0 0 1727 5358; baseline 0 0"><span class='ocrx_word' id='word_1_335' title='bbox 0 0 1727 5358; x_wconf 95' lang='lat' dir='ltr'> </span> 
     </span>
    </p>
   </div>
  </div>
 </body>
</html>
