3426 5368
764 313 827 380 371

690 410 895 418 Μ

145 535 419 617 commendatos,
466 533 639 604 destruere
662 534 718 604 vel
740 535 928 616 immutare,
964 536 1022 602 sed
1047 537 1143 604 unice
1168 539 1255 604 velle
1278 560 1319 604 ne
1342 538 1420 625 qnid

46 696 52 709 ,
145 623 188 690 in
218 627 307 692 ritus
330 623 420 712 ipsos
444 622 587 691 forsitan
612 623 835 704 induceretur,
875 625 962 712 qnod
994 624 1074 691 fidei
1098 625 1284 692 catholicae
1306 625 1421 693 adver·

44 716 51 763 ἵ
145 716 266 794 setnr,
292 712 347 779 vel
369 711 553 800 periculum
576 719 717 799 generet
741 713 936 793 animarum,
953 711 1006 780 vel
1020 713 1267 780 ecclesiasticae
1280 713 1419 800 deroget

27 805 29 808 ’
147 801 342 882 honestati,
367 800 640 888 quemadmodum
664 801 862 868 immortalis
897 801 1072 867 memoriae
1095 801 1300 868 Benedictus
1323 801 1418 869 XIV.

47 906 56 919 ·
149 889 325 955 Decessor
346 889 471 956 Noster
493 889 625 977 copiose
672 888 917 956 demonstravit
952 889 1023 954 suis
1057 889 1247 975 Encyoliois
1274 889 1418 956 Litteris

152 977 199 1042 ad
226 976 414 1048 Orientalss
438 977 673 1057 Missionarios,
704 977 757 1043 die
790 978 841 1043 16.
878 976 1419 1065 Juliiann01655.datis,qua-

149 1087 233 1131 rum
256 1063 392 1132 initium
421 1064 578 1145 ,Allatas
601 1071 709 1131 sunt‘
759 1066 857 1148 Quod
890 1065 919 1133 si
956 1065 1144 1132 Orientales
1167 1069 1252 1133 ritus
1275 1064 1418 1151 alicujus

151 1153 305 1219 arbitrio
350 1152 529 1238 aliquando
563 1154 731 1220 immutati
769 1155 907 1235 fuerint,
932 1154 965 1220 id
989 1174 1157 1242 nunquam
1204 1151 1418 1240 Apostolioae

150 1239 238 1308 buin
263 1239 343 1308 Sodi
366 1249 418 1308 est
452 1241 677 1308 tribuendum.

257 1328 401 1416 Majores
426 1350 514 1410 vero,
539 1351 577 1396 ao
600 1332 791 1418 potissimae
804 1335 879 1418 post
892 1329 1167 1407 funestissimum,
1192 1333 1226 1394 et
1250 1348 1417 1416 nunquam

152 1419 246 1484 satis
292 1416 475 1504 lugendum
520 1417 633 1485 Photii
679 1418 822 1487 schisma
867 1441 965 1488 curae
1000 1425 1034 1484 et
1066 1415 1310 1483 sollicitudines
1357 1437 1417 1504 pro

153 1503 393 1572 Orientalibus
417 1527 437 1572 a
461 1505 620 1573 Romanis
644 1507 871 1587 Pontificibus,
896 1507 994 1574 stab
1019 1506 1079 1572 hac
1103 1504 1302 1592 Apostolica
1332 1503 1417 1570 Sede

153 1593 335 1661 adhibitae
358 1595 461 1674 fuere,
486 1615 570 1682 quae
589 1595 835 1682 optatissimum
868 1595 904 1660 in
940 1594 1136 1660 Florentino
1160 1591 1307 1659 Concilio
1330 1613 1416 1660 asse·

153 1687 285 1767 qnutae
309 1691 392 1749 sunt
415 1683 552 1763 exitum,
587 1704 660 1748 oum
695 1683 729 1748 in
762 1684 876 1750 eodem
899 1682 1048 1750 Concilio
1090 1687 1207 1748 sancta
1252 1679 1417 1748 catholiea

154 1772 249 1852 unio,
295 1768 518 1856 jamdictam
544 1770 756 1838 vehementer
801 1771 951 1860 expetita
988 1770 1093 1838 inerit
1117 1769 1287 1836 restituta.
1334 1768 1417 1836 Cum

155 1879 237 1926 vero
261 1856 396 1925 Marcus
419 1858 696 1946 Archiepiacopus
718 1859 909 1948 Ephesinus
946 1864 1116 1946 tamquam
1140 1878 1248 1923 novus
1270 1854 1415 1923 Photius

157 1945 353 2036 hujusmodi
376 1946 529 2012 unionem
553 1947 675 2033 insigni
698 1969 836 2034 prorsus
879 1947 1019 2014 audacia
1053 1944 1239 2014 convellere
1270 1950 1305 2011 et
1329 1944 1416 2011 labe·

157 2034 291 2102 iactare
315 2038 367 2101 est
390 2040 539 2114 conatus,
562 2033 704 2101 Romani
727 2035 909 2104 Pontifices
933 2057 1059 2102 omnem
1085 2034 1248 2101 dederunt
1271 2053 1414 2119 operam,

159 2129 197 2192 nt
221 2123 372 2192 Graecos
395 2121 438 2188 ad
461 2122 660 2189 catholicam
683 2126 846 2190 unitatem
882 2124 1088 2204 reducerent,
1118 2144 1158 2188 ac
1181 2119 1415 2210 spiritualibus

160 2211 312 2278 omnium
346 2210 565 2277 Orientalium
613 2212 869 2278 necessitatibus
914 2211 1158 2278 studiosissime
1193 2220 1413 2277 occurrerent.

158 2299 327 2384 Quocirca
351 2299 540 2365 eorumdem
562 2299 763 2366 Pontificum
786 2322 865 2367 cura
888 2305 923 2366 et
946 2299 1150 2365 Missionarii
1165 2299 1208 2364 ad
1224 2295 1415 2364 Orientales

157 2387 408 2544 {enppsfinisgi
422 2394 468 2541 pt
491 2387 858 2543 Orientagumlpituum
875 2388 960 2543 tliprp
980 2388 1152 2473 recogniti,
1177 2394 1212 2454 et
1234 2383 1414 2538 peculiapia

187 2526 195 2542 .
259 2525 266 2542 .
322 2523 330 2543 .
383 2497 420 2542 ar
445 2498 583 2544 marum
654 2497 776 2542 onarra
819 2497 989 2555 insius,
1050 2497 1248 2543 uaeeorum
1279 2493 1319 2540 ne
1344 2494 1415 2539 ora

158 2563 279 2632 sedulo
325 2567 552 2631 examinarent
590 2586 629 2630 ao
653 2563 839 2632 definirent.
871 2565 919 2631 Et
941 2497 1074 2652 quidda
1118 2563 1271 2652 pluribus
1317 2496 1414 2626 dunis

160 2657 243 2720 ante
265 2651 446 2719 Clementis
468 2652 565 2719 VIII.
589 2652 827 2721 Pontificatum
850 2677 866 2719 s
892 2652 1004 2720 eoialis
1020 2652 1179 2719 instituta
1191 2651 1259 2718 fuit
1270 2649 1414 2732 Congre·
1449 2719 1451 2724 ,

162 2739 260 2826 gabio
283 2740 444 2806 derebus
468 2739 679 2825 Graecorum,
702 2765 740 2809 ac
763 2742 831 2808 alia
862 2677 980 2808 deinde
1021 2742 1082 2807 sub
1115 2742 1229 2806 eodem
1251 2735 1414 2803 Pontifioo

160 2831 274 2894 erecta
296 2849 396 2916 super
419 2829 565 2913 negotiis
596 2828 672 2896 fidei
710 2835 745 2897 et
778 2829 949 2916 religionis
985 2829 1181 2946 catholicae,
1212 2825 1414 2929 paulopost

157 2913 644 3090 ttttltittitttrtlt
662 2917 756 3071 lili
780 2915 1413 3093 irritisltt⁰⁰t¹tall¹0⁰tttitt

156 3090 350 3177 regionibus
396 3097 539 3160 curaret.
574 3092 687 3180 Atque
723 3092 806 3159 haec
836 3092 1061 3179 Congregatio
1095 3094 1235 3159 eundem
1269 3091 1414 3157 habebat

157 3179 269 3258 finem,
293 3201 390 3267 quem
414 3179 533 3246 deinde
556 3180 685 3261 habuit,
709 3184 745 3247 et
776 3181 1023 3268 inpraesentia
1061 3180 1163 3247 habet
1185 3177 1412 3264 Congregatio

155 3266 327 3353 generalis
350 3267 461 3336 eodem
486 3267 589 3336 titulo
628 3268 868 3357 Propagandae
912 3268 1011 3335 Fidei
1034 3269 1205 3354 insignita,
1229 3274 1265 3333 et
1287 3288 1307 3331 a
1330 3264 1414 3334 Gre-

156 3355 251 3440 gorio
274 3353 350 3422 XV.
375 3355 580 3443 Apostoliois
617 3356 741 3424 litteris
765 3357 818 3423 die
841 3358 894 3424 23.
919 3358 986 3423 Mai
1021 3378 1109 3422 anno
1134 3355 1230 3423 1622.
1255 3353 1353 3433 datis,
1378 3361 1413 3419 ot

156 3441 393 3530 incipientibus
454 3443 707 3525 ,inscrutabili‘
757 3451 868 3513 erecta
915 3467 987 3512 cum
1034 3466 1168 3512 munere
1201 3439 1411 3530 praesidendi

156 3530 372 3598 Missionibus
395 3533 547 3599 omnibus
570 3532 614 3598 ad
636 3533 894 3622 praedicandum
918 3541 952 3601 et
984 3533 1166 3601 docendum
1189 3526 1412 3616 Evangelium

156 3623 191 3684 et
215 3618 415 3685 catholicam
442 3620 636 3688 doctrinam.

254 3705 306 3773 At
328 3729 417 3788 vero,
441 3707 588 3796 inspecta
633 3707 852 3776 Orientalium
888 3731 961 3777 cum
993 3709 1081 3776 ritus
1120 3716 1191 3776 tum
1215 3705 1412 3794 disciplinae

156 3794 334 3876 varietate,
359 3795 412 3862 vel
436 3796 533 3863 facile
555 3799 622 3865 fuit
644 3797 761 3864 statim
784 3818 974 3883 agnoscere,
996 3797 1098 3864 etiam
1120 3802 1198 3885 post
1220 3793 1412 3884 praedictae

155 3882 435 3968 Congregationis
458 3887 624 3970 generalis
647 3886 687 3952 de
710 3885 925 3973 propaganda
956 3885 1042 3953 Fide
1074 3886 1332 3962 institutionem,
1357 3903 1411 3947 ne-

154 3993 247 4038 cesse
271 3992 352 4052 esse,
376 3979 416 4038 ut
438 3973 710 4057 quemadmodum
745 3972 1008 4040 Occidentalium
1048 3975 1097 4040 ita
1131 3981 1166 4040 et
1189 3970 1411 4039 Orientalium

153 4057 313 4146 graviora
358 4061 502 4146 negotia,
539 4084 624 4149 quae
657 4061 772 4149 majori
819 4062 970 4129 examine
1005 4067 1040 4129 et
1074 4062 1185 4128 studio
1207 4059 1410 4146 indigerent,

155 4145 371 4301 peculiariter
392 4170 413 4215 a
437 4151 605 4216 nonnullis
618 4150 766 4234 ejusdem
778 4149 1056 4236 Congregationis
1071 4147 1239 4236 generalis
1252 4143 1411 4216 Cardine-

168 4235 246 4303 ibus
268 4240 508 4303 tractarentur.
533 4238 706 4320 Quocirca,
730 4237 867 4306 Urbano
907 4237 990 4306 Vlll.
1023 4238 1198 4318 Pontifice,
1223 4239 1279 4325 qui
1303 4236 1339 4301 in
1363 4232 1409 4303 lo·

22 4315 24 4354 ⁸
155 4346 231 4390 cum
255 4323 410 4410 Gregorii
431 4324 508 4392 XV.
533 4327 599 4392 fuit
621 4326 793 4412 suffectus,
817 4325 901 4392 duae
935 4327 1096 4414 speciales
1119 4327 1287 4412 exipsius
1310 4343 1411 4410 gena·

22 4439 24 4486 ,¹
156 4411 238 4478 ralis
262 4410 540 4498 Congregationis
565 4413 605 4480 de
627 4414 850 4502 Propaganda
872 4414 955 4481 Fide
977 4414 1104 4501 gremio
1121 4413 1408 4501 Congregationes

158 4501 364 4568 constitutae
387 4501 490 4582 fuere,
515 4523 654 4590 quarum
686 4503 794 4570 altera
829 4502 997 4591 appellata
1026 4525 1125 4590 super
1152 4502 1263 4568 dubiis
1296 4499 1411 4567 Orien·

160 4586 290 4669 talium,
314 4589 422 4656 altera
445 4611 545 4678 super
568 4591 772 4660 correctione
796 4589 994 4677 Enobologii
1018 4591 1231 4660 Graecorum.
1256 4589 1305 4656 Ut
1330 4609 1409 4656 vero

164 4697 248 4766 opus
271 4677 312 4744 ah
336 4677 398 4746 hac
431 4685 598 4768 postrema
644 4678 909 4768 congregatione
953 4682 1121 4768 inceptum
1150 4678 1192 4747 ad
1216 4679 1409 4818 linem2ppr·
