3464 5366
865 337 929 403 ’116

791 431 996 442 ...ῳ-ι-

269 567 323 622 tas
345 562 470 645 septem
494 556 646 645 Synodos
671 559 902 658 opcumenicns,
926 555 961 619 in
984 555 1105 644 quibus
1127 556 1298 645 integrum
1320 555 1396 622 fidei
1411 555 1512 624 Chri·

269 646 398 712 stianae
420 645 671 712 fundamentum
695 667 731 710 m
753 643 939 710 enuncietis
956 665 1015 733 per
1038 665 1092 710 eas
1105 641 1317 732 dogmatibus
1326 643 1517 732 depositum

270 738 330 812 est,
355 754 395 799 ex
418 755 481 823 quo
505 738 714 800 occurrentes
736 731 777 798 de
800 733 876 799 hinc
908 732 1117 820 quaestiones
1163 732 1250 800 circe
1295 731 1394 798 fidem
1416 731 1517 800 tacile

268 819 355 888 solvi
400 827 527 889 essunt.
552 819 616 889 Sed
639 820 708 887 fors
732 820 833 887 etiam
857 820 1007 888 Oenones
1052 819 1239 887 eorumdem
1285 818 1511 889 Consiliorum

269 845 501 998 disciplinares
518 909 600 976 adeo
625 908 846 976 immutabiles
869 915 904 976 et
948 907 1155 975 universales
1200 914 1308 990 erunt,
1355 912 1395 975 ut
1425 910 1515 974 omni

268 1001 407 1088 tempori
430 1004 465 1066 et
485 998 557 1066 loco
581 1000 776 1083 congruant,
823 1006 857 1064 et
902 996 963 1063 hoc
987 995 1088 1062 etiam
1133 997 1255 1064 obtutu
1278 1000 1312 1064 iu
1341 995 1516 1083 Synodum

269 1087 508 1154 oecumenicam
531 1084 708 1153 convenire
730 1107 812 1172 opus
835 1106 901 1152 non
924 1083 1017 1151 erit?
1040 1083 1169 1151 etiamsi
1192 1085 1305 1173 plures
1317 1089 1442 1238 septem
1452 1083 1516 1172 Sy·

268 1175 428 1242 nodorum
451 1172 733 1242 oecumenicarum
756 1173 906 1241 Canones
922 1173 1063 1240 mutatis
1076 1173 1281 1262 temporibus
1295 1195 1355 1240 exo
1370 1171 1513 1253 everint,

268 1265 355 1331 sicut
378 1263 527 1331 Cancnes
550 1261 825 1351 poenitentiales;
850 1267 883 1328 et
907 1283 948 1328 an
973 1282 1038 1330 non
1062 1283 1121 1364 pro
1142 1261 1376 1350 praesentibus
1399 1260 1514 1327 Eccle

267 1351 336 1418 siae
359 1350 536 1438 adjunctis,
558 1351 705 1439 quipiam
724 1349 832 1417 adhuc
855 1349 1004 1418 Canones
1044 1349 1275 1437 disciplinatas
1308 1348 1515 1434 requireren-

266 1439 349 1505 tur?
372 1446 432 1507 eut
454 1462 533 1506 vero
557 1446 707 1520 nonest,
731 1461 791 1505 nec
814 1461 887 1506 esse
910 1438 1009 1506 debet
1032 1439 1105 1504 vite
1139 1437 1251 1506 active
1281 1437 1317 1504 in
1348 1435 1513 1518 Ecclesia,

267 1528 309 1594 ad
332 1529 439 1616 ipsam
463 1526 672 1616 disciplinam
695 1526 792 1615 juxta
815 1533 1017 1595 crescentem
1039 1525 1074 1594 in
1097 1525 1249 1594 Ecclesia
1264 1525 1514 1617 perlectionem,

266 1616 410 1704 emplius
432 1614 690 1705 perficiendam?

361 1702 427 1771 Sed
472 1726 556 1784 orro,
581 1705 615 1770 in
639 1707 802 1792 quantum
824 1701 896 1768 sola
920 1701 1076 1791 Synodus
1099 1702 1307 1770 oecumenica
1329 1706 1382 1769 est
1423 1699 1515 1789 judi-

266 1791 352 1858 cium
374 1727 470 1858 illudl
483 1814 680 1878 supremum,
702 1813 725 1858 a
748 1812 812 1880 quc
835 1790 872 1856 in
895 1791 1129 1859 controversiis
1145 1797 1180 1858 et
1193 1791 1301 1858 causis
1313 1789 1514 1858 ecclesiasti·

265 1879 312 1946 cis
335 1880 428 1945 nulla
452 1879 553 1948 detur
586 1879 779 1983 appellatio,
802 1877 1075 1946 Patriarcherum
1101 1885 1222 1962 autem,
1247 1885 1281 1947 et
1304 1878 1405 1946 etiam
1449 1877 1514 1966 Sy-

265 1967 425 2035 nodorum
473 1968 703 2036 articulenum
727 1965 916 2033 sententiae
939 1967 1047 2035 adhuc
1069 1967 1111 2035 ad
1134 1967 1305 2057 Synodum
1329 1965 1513 2035 oecumeni-

265 2078 334 2122 cam
358 1989 520 2146 appellari
543 2061 704 2144 possunt;
729 2054 889 2140 quomodo
913 2056 1052 2123 assertio
1086 2058 1167 2124 haec
1190 2055 1393 2124 Graecorum
1436 2053 1513 2121 sub-

265 2145 373 2225 sistet,
413 2143 448 2210 ¹si
471 2145 569 2231 juxte
592 2144 669 2212 illos
693 2141 819 2231 Synodi
865 2144 1093 2211 oecumenicae
1116 2143 1259 2232 amplius
1304 2143 1513 2210 necessariae

263 2254 328 2298 non
352 2231 488 2300 essent?
511 2233 566 2301 Sic
589 2232 733 2300 enimin
758 2235 942 2320 systemate
965 2231 1171 2301 Graecorum
1193 2231 1343 2300 Ecclesia
1381 2229 1512 2299 Christi

263 2342 415 2408 supremo
442 2320 557 2402 ‘udice,
583 2343 602 2388 a
625 2343 689 2406 quo
713 2341 778 2386 non
802 2317 901 2386 datur
924 2320 1093 2408 appellata
1117 2319 1235 2392 dehinc
1258 2319 1511 2410 spoliataesset,

261 2410 400 2496 proinde
423 2345 574 2477 Elcclesia
596 2412 667 2476 sine
690 2408 818 2496 Capite,
842 2406 914 2474 sine
937 2431 1090 2496 supremo
1110 2408 1222 2497 judice
1245 2413 1333 2476 esset
1367 2407 1513 2475 societas

261 2497 560 2586 imperfectissima,
585 2519 669 2586 quae
692 2494 877 2585 sapientiae
900 2497 1046 2564 auctoris
1069 2497 1175 2586 ipsius
1198 2496 1282 2564 DEI
1294 2501 1509 2586 repugnaret.

357 2585 395 2652 Si
408 2585 558 2675 denique
581 2586 653 2652 sola
675 2584 830 2673 Synodus
854 2585 1062 2652 oecumenica
1084 2586 1186 2654 habet
1203 2584 1511 2672 eamdempotesta-

260 2677 330 2738 tem
352 2673 387 2738 in
410 2674 571 2754 Ecclesia,
596 2695 694 2762 quam
717 2672 816 2739 hebet
841 2672 1020 2739 Monarche
1038 2673 1073 2739 in
1096 2680 1191 2741 statu
1214 2673 1317 2755 civili,
1351 2695 1416 2738 non
1440 2693 1512 2738 ser·

261 2761 351 2827 vatis
374 2762 521 2851 Synodis
545 2761 761 2830 oecumenicis
784 2760 842 2826 illa
864 2765 1016 2850 potestas
1039 2783 1191 2852 suprema
1214 2762 1249 2828 in
1271 2760 1424 2829 Ecclesia
1455 2759 1511 2828 de·

260 2849 334 2934 erit.
358 2848 406 2916 Et
428 2854 536 2940 reipsa
559 2852 600 2918 ab
624 2855 742 2916 octavo
766 2843 896 2916 saeculo
921 2871 985 2937 quo
1003 2849 1101 2936 juxta
1125 2850 1328 2919 Graecorum
1362 2869 1507 2929 sensum,

260 2936 362 3004 series
385 2937 609 3006 Consiliorum
632 2939 912 3005 oecumenicorum
936 2937 1092 3005 conclusa
1115 2944 1176 3021 est,
1202 2938 1297 3006 deest
1319 2935 1459 3006 Graecis
1472 2945 1510 3004 et

261 3027 411 3092 omnibus
433 3049 545 3095 eorum
569 3026 704 3095 asseclis
729 3047 881 3113 suprema
905 3025 939 3092 in
962 3025 1114 3094 Ecclesia
1138 3027 1330 3107 auctoritas,
1361 3030 1399 3093 'et
1422 3047 1509 3092 sem·

259 3135 319 3202 per
341 3114 455 3196 deerit,
479 3137 583 3200 usque
607 3115 684 3181 dum
707 3113 871 3202 adjutrice
894 3113 1040 3202 Spiritus
1071 3114 1135 3182 Dei
1165 3115 1278 3202 gretia
1312 3137 1348 3181 se
1380 3113 1508 3181 iterum

260 3201 489 3289 conjunxerint
512 3228 531 3270 a
554 3204 646 3271 DEO
671 3202 856 3270 constituto
877 3202 1062 3270 universali
1085 3207 1190 3270 totius
1228 3202 1342 3292 gregis
1375 3201 1508 3269 Christi

258 3289 402 3374 Pastori,
427 3294 483 3382 qui
506 3315 635 3380 semper
657 3290 746 3358 vivit
768 3289 803 3356 in
828 3289 987 3372 Ecclesia,
1012 3293 1046 3356 in
1060 3291 1409 3359 successoribusPetri
1420 3289 1509 3358 Pon·

258 3378 406 3447 tificibus
428 3380 598 3463 Romanis,
622 3380 680 3470 qui
703 3378 790 3445 idem
813 3400 1002 3466 supremum
1026 3380 1184 3447 ecclesiae
1208 3380 1438 3467 Magisterium
1454 3401 1510 3445 su·

258 3469 396 3550 atinent,
421 3470 508 3558 quod
531 3470 567 3536 in
589 3467 771 3555 recognitis
795 3488 853 3552 per
875 3466 1030 3550 Graecos,
1055 3473 1090 3536 et
1112 3468 1189 3536 aliis
1212 3466 1368 3553 usquead
1381 3465 1510 3553 viginti

257 3579 359 3624 unum
381 3557 540 3626 Conciliis
563 3555 781 3626 oecumenicis
826 3561 860 3621 et
906 3555 1025 3624 dehinc
1070 3555 1178 3625 adhuc
1224 3554 1444 3636 celebrandis,
1470 3561 1509 3622 et

257 3651 390 3803 prpeter
412 3645 561 3715 Concilia
584 3644 736 3714 omnibus
759 3643 875 3710 diebus
897 3644 1140 3726 sustinuerunt,
1164 3667 1204 3714 ac
1249 3665 1378 3733 semper
1401 3643 1506 3711 susti·

257 3739 393 3802 neunt.

335 3916 370 4009 ἓ.
402 3912 496 3996 104.
524 3912 801 3995 Contiuuatio
842 3911 1123 3996 refutationis
1151 3911 1426 3995 Graecorum.

354 4080 420 4149 Sed
442 4088 476 4150 et
498 4080 584 4148 illud
607 4081 729 4149 falsum
753 4085 805 4148 est
827 4079 914 4170 quod
938 4079 1059 4148 Graeci
1072 4081 1305 4170 praetendunt,
1318 4077 1505 4148 videlicet:

256 4167 489 4256 Magisterium
512 4170 683 4237 Ecclesiae
704 4169 740 4236 in
763 4168 946 4256 recognitis
969 4189 989 4234 a
1012 4191 1048 4236 se
1070 4175 1197 4258 septem
1220 4168 1376 4237 Consiliis
1410 4189 1506 4238 oecu-

257 4257 394 4326 menicis
418 4257 607 4326 conclusum
632 4280 703 4326 esse
726 4257 785 4338 ita,
809 4265 848 4324 ut
871 4278 983 4323 omnes
1007 4257 1093 4325 circa
1116 4257 1215 4326 fidem
1239 4277 1406 4345 emergere
1426 4278 1507 4344 que·

256 4352 355 4413 untes
379 4349 598 4435 quaestiones,
623 4347 737 4427 exiis,
763 4345 902 4431 quaein
925 4344 1044 4412 iisdem
1067 4346 1213 4435 Synodis
1247 4345 1386 4412 definita
1408 4349 1501 4427 sunt,

257 4435 356 4503 facile
379 4436 466 4502 solvi
488 4436 627 4524 possint.
653 4434 750 4518 Quod
773 4438 937 4501 assertum
960 4433 1080 4502 factice
1101 4434 1267 4501 refutavit
1289 4433 1319 4501 E
1344 4432 1503 4501 ochaRe·

257 4524 467 4591 termaticnis
490 4523 613 4592 saeculi
636 4523 728 4591 XVI.
753 4523 831 4589 dum
854 4521 1207 4592 liuthero-Calvisium
1229 4521 1272 4588 ad
1290 4457 1388 4589 fidem
1434 4524 1505 4590 suis

256 4611 434 4681 haereticis
457 4612 617 4680 doctrinis
648 4610 897 4692 conciliandam,
922 4610 1172 4678 consonantiam
1197 4632 1309 4678 earum
1328 4633 1401 4679 cum
1425 4631 1503 4678 con·

256 4700 399 4770 sessione
422 4700 570 4771 Graecae
592 4699 762 4770 Ecclesiae
785 4699 988 4780 asserebant,
1012 4699 1173 4788 imprimis
1196 4705 1371 4788 postquam
1390 4697 1503 4787 Cyril·
