3476 5366
837 297 1043 450 ge

321 564 527 654 parochiales
551 564 706 633 ecclesias
726 564 866 718 fecunde
911 563 1062 633 adhiberi
1090 563 1236 644 valeant,
1260 585 1298 633 ao
1321 563 1351 631 si
1374 563 1409 631 in
1432 564 1571 653 Synodo

323 653 517 721 dioecesana
539 653 683 721 fuissent
707 653 827 738 eeoti;
851 653 901 721 ita
924 660 1045 733 tamen,
1069 656 1108 719 ut
1131 651 1242 739 si'qui
1286 674 1327 718 ex
1372 651 1488 720 electis
1534 655 1570 720 in

322 741 440 808 ultima
464 741 600 830 Synodo
624 741 803 830 supersint,
827 741 870 808 iis
893 742 993 808 etiam
1017 762 1180 810 unacum
1204 761 1223 806 a
1246 760 1282 808 se
1305 738 1571 830 electisEpisoo·

321 851 384 917 pus
400 834 543 914 utatur;
569 829 713 896 omnium
738 829 940 911 ver0,etiam
964 828 1054 895 dicto
1079 827 1220 896 termino
1243 827 1392 916 exspiret
1429 833 1569 910 otestas,

322 918 453 1006 quando
475 918 642 986 celebrata
664 917 768 984 fuerit
792 919 956 1006 Synodus.
980 917 1235 984 Examinatores
1270 851 1466 1004 synodales,
1512 919 1571 986 vel

321 1005 496 1072 substituti
519 1005 590 1072 loco
614 1005 843 1093 synodalium,
868 1006 990 1072 debent
1013 1027 1085 1072 esse
1108 1003 1175 1071 viri
1198 1003 1319 1085 idonei,
1342 1004 1569 1074 Doctoresvel

320 1093 503 1161 Licentiati
527 1093 736 1180 Theologiae,
754 1095 815 1160 uel
839 1116 934 1164 secus
956 1093 1076 1173 idonei,
1100 1093 1157 1177 qui
1178 1093 1314 1181 praevie
1356 1091 1471 1179 jurare
1516 1094 1571 1162 de·

320 1182 410 1262 bent,
435 1203 470 1249 se
493 1202 553 1249 suo
577 1203 721 1263 munere,
744 1181 869 1265 rejecto
892 1181 1036 1247 humano
1060 1202 1112 1247 res
1137 1185 1214 1247 ectu
1233 1179 1469 1268 perfuncturus
1486 1203 1567 1250 esse.

323 1269 506 1356 (Benedici.
530 1269 626 1339 XIV.
652 1268 693 1336 de
717 1269 749 1337 S.
773 1270 815 1336 D.
840 1269 878 1336 L.
903 1268 964 1337 IV.
989 1267 1071 1356 Cap.
1125 1267 1173 1334 Π.
1197 1267 1258 1336 Nr.
1281 1267 1422 1356 I-XI.)

320 1450 356 1543 ξ.
391 1445 457 1527 32.
502 1444 684 1552 Objecta
725 1446 950 1654 Examiniis
982 1444 1283 1529 concursualis
1317 1445 1461 1549 quoad
1500 1446 1572 1529 do·

847 1574 915 1654 otr
933 1596 1046 1654 narn.

417 1716 558 1805 Objecta
580 1718 742 1786 examinis
765 1718 991 1787 concursualis
1013 1739 1073 1806 pro
1083 1715 1250 1806 parochiis
1263 1715 1372 1804 quoad
1385 1715 1572 1785 doctrinam

321 1812 421 1872 sunt:
445 1806 652 1893 Dogmatica,
676 1806 825 1888 Morsus,
851 1806 1071 1887 Cateehetica,
1095 1803 1309 1884 Homiletice,
1340 1803 1365 1870 J
1367 1826 1407 1871 us
1429 1804 1572 1873 Canoni-

321 1915 394 1959 oum
412 1899 454 1960 ‘et
487 1893 671 1982 Liturgica,
693 1895 792 1983 juxta
815 1894 1091 1964 constitutionem
1112 1891 1288 1961 Benedicti
1311 1891 1407 1962 XIV.
1443 1893 1572 1982 scripto

320 1981 552 2086 elucubranda,
599 1989 634 2050 et
679 1983 809 2068 quidem
855 1982 972 2071 lingua
1017 1982 1133 2064 latine,
1179 1985 1319 2068 excepta
1343 1980 1510 2051 catechesi
1536 1989 1573 2051 et

320 2091 482 2137 concione.

473 2251 508 2344 ξ.
538 2246 605 2329 33.
632 2247 823 2329 Effectus
851 2247 1075 2329 examinis
1093 2247 1412 2329 Concursualis.
1493 2331 1499 2342 ,

415 2393 567 2461 Effectus
590 2393 751 2460 examinis
775 2393 1002 2460 concursualis
1026 2399 1079 2460 est
1103 2393 1135 2480 1)
1171 2393 1269 2476 Quod
1301 2393 1510 2460 examinatus
1537 2399 1573 2460 et

319 2482 523 2569 approbatus
545 2482 580 2548 in
603 2482 833 2551 beneficiatum
856 2481 1037 2549 Parochiae
1059 2503 1120 2569 pro
1143 2504 1209 2569 qua
1232 2481 1400 2549 concurrit
1409 2480 1572 2568 eligibilis

320 2569 375 2637 sit.
399 2569 434 2658 2)
457 2569 596 2637 Electus
620 2570 828 2638 examinatus
848 2569 905 2658 jus
928 2569 1030 2636 habet
1053 2569 1096 2636 ad
1117 2570 1373 2650 Investituram,
1397 2570 1459 2636 sub
1476 2591 1573 2671 prae-

319 2656 404 2723 sidio
428 2678 589 2726 canonum
612 2659 842 2738 constituitur,
867 2663 902 2723 et
925 2659 987 2724 nisi
1011 2679 1168 2745 processu
1198 2659 1354 2724 canonico
1401 2656 1572 2725 mediante

319 2745 425 2832 possit
446 2767 464 2812 e
486 2745 695 2835 possessione
718 2746 771 2813 sui
794 2745 946 2813 beneficii
969 2746 1151 2813 exturbari.

717 2926 752 3019 ξ.
782 2921 849 3004 34.
877 2871 1158 3006 Investitura.

413 3090 623 3158 Investitura
647 3097 726 3157 sunt
750 3091 870 3158 literae
893 3091 1119 3180 Episcopales,
1144 3093 1262 3180 quibus
1294 3091 1402 3160 electa
1425 3109 1573 3178 persona

320 3179 546 3248 ecclesiastica
569 3181 603 3245 in
626 3179 830 3246 Beneficium
854 3179 1010 3246 canonice
1032 3179 1226 3246 instituitur
1260 3185 1296 3247 et
1340 3177 1572 3258 confirmatur,

318 3291 457 3358 quarum
480 3267 609 3334 virtute
631 3267 849 3335 beneficiatus
871 3268 909 3333 in
932 3291 1027 3334 suum
1052 3267 1246 3334 beneficium
1283 3264 1514 3334 introducitur
1537 3271 1574 3332 et

317 3356 537 3440 installetur;
563 3377 661 3440 quam
683 3361 795 3422 tamen
842 3354 1016 3422 raecedere
1039 3355 1139 3423 debet
1160 3357 1322 3443 professio
1356 3353 1435 3422 fidei
1458 3352 1574 3420 catho-

318 3446 413 3528 licae,
435 3444 661 3532 juramentum
685 3443 766 3510 item
789 3379 965 3538 fidelitatis
989 3449 1022 3511 et
1046 3443 1254 3512 obedientiae
1276 3443 1442 3532 Episcopo
1475 3439 1574 3508 Ordi-

318 3533 422 3618 nario,
446 3539 482 3599 et
504 3531 576 3621 ejus
600 3531 846 3599 successoribus
868 3532 1117 3620 praestandum.

598 3735 633 3828 ὅ.
663 3730 730 3812 35.
760 3732 951 3813 'lenones
977 3729 1284 3812 Investiturae.

412 3897 483 3966 Nos
505 3899 548 3967 N.
573 3898 615 3966 N.
640 3897 825 3986 Episcopus
849 3904 911 3965 etc.
937 3897 1070 3986 (plenus
1093 3897 1230 3983 titulus)
1253 3895 1389 3966 Inducti
1399 3894 1572 3963 sufficiam·

317 3987 367 4055 tia
389 3993 458 4068 tua,
482 3989 619 4054 Aetatis
642 3987 850 4067 maturitate,
874 3987 1064 4060 Literarum
1090 3985 1240 4065 stientia,
1282 3985 1412 4052 Morum
1457 3983 1571 4071 gravi·

317 4081 398 4158 tate,
422 4098 460 4144 ec
484 4080 682 4144 necessitate
705 4073 875 4140 Ecclesiae
898 4075 949 4154 N,
974 4073 1069 4160 cujus
1091 4073 1256 4140 Parochia
1299 4071 1451 4158 legitime
1475 4093 1572 4138 vaca-

317 4170 379 4244 ret,
403 4169 540 4253 rccepta
563 4187 582 4229 a
606 4162 653 4229 Te
677 4162 754 4228 fidei
778 4161 943 4228 catholica
966 4160 1180 4249 professione,
1205 4182 1265 4228 neo
1288 4182 1354 4227 non
1366 4159 1569 4246 juramento,

317 4251 405 4336 quod
418 4253 511 4318 nobis
522 4250 700 4319 Ordinario
713 4257 783 4333 tuo,
797 4249 1040 4317 successoribus
1051 4249 1185 4330 nostris,
1210 4271 1270 4316 nec
1283 4247 1494 4316 nonVicario
1516 4269 1573 4334 ge-

317 4339 421 4405 nerali
444 4363 503 4428 pro
528 4348 675 4429 tempore
699 4339 894 4420 constituto,
918 4360 956 4404 ac
979 4336 1150 4404 Ecclesiae
1173 4336 1282 4404 fidelis
1305 4335 1381 4416 eris,
1415 4334 1572 4403 obedien·

317 4427 400 4493 tiam
423 4434 459 4493 et
480 4428 702 4495 reverentiam
728 4427 875 4493 debitam
897 4425 1078 4506 exhibebis,
1103 4428 1207 4492 item:
1232 4425 1321 4510 quod
1340 4423 1419 4511 jura
1455 4422 1572 4492 Eccle-

317 4515 450 4582 siastico
475 4523 510 4581 et
533 4515 758 4597 cathedralia,
783 4537 843 4581 nec
862 4537 927 4580 non
970 4513 1210 4602 Protop'opalia
1255 4509 1487 4603 persolvendo,
1531 4510 1570 4580 in

317 4601 550 4691 spiritualibus
574 4609 608 4670 et
631 4602 880 4690 temporalibus,
906 4602 940 4668 in
965 4601 1153 4690 divinisque
1176 4602 1259 4670 bene
1282 4606 1317 4667 et
1351 4597 1575 4667 laudabiliter

318 4691 495 4773 deservies,
521 4713 684 4779 oneraque
708 4693 865 4758 ecclesiae
888 4689 1087 4778 parochialis
1111 4689 1209 4770 feres,
1234 4709 1272 4755 ac
1295 4688 1406 4756 debite
1429 4708 1571 4776 suppor-
