3420 5358
904 343 968 411 216
988 379 991 398 ·

831 439 1034 450 --——-—-—-

303 568 512 654 romanical),
538 564 679 647 arabica,
704 565 832 645 siriaca,
868 565 1034 634 armenica
1068 571 1102 631 et
1126 566 1255 654 coptica
1278 565 1312 630 in
1336 566 1443 631 sacris
1466 564 1552 653 apud

303 655 508 744 respectivos
530 654 671 743 populos
694 653 873 720 adhibetur
897 658 932 719 et
955 653 1058 721 etiem
1074 675 1168 722 sacra
1184 652 1550 740 Liturgiacelebratur.

304 744 487 812 Plurimum
511 748 623 809 autem
646 746 850 830 propagatae
874 745 953 808 sunt
983 741 1238 808 consuetudines
1276 740 1451 810 Ecclesiae
1473 741 1553 808 Gon-

305 830 639 920 stantinopolitanae,
663 829 806 914 librique
829 829 999 896 Ecclesiae
1021 830 1121 916 hujus
1134 829 1275 896 rituales
1297 832 1331 894 in
1356 835 1553 896 memoratas

302 920 435 1007 linguas
458 921 547 986 versi
570 924 659 985 sunt.
684 918 785 985 Sacra
808 917 909 984 Sedes
948 919 1149 1007 apostolice,
1173 939 1257 1007 quae
1281 917 1321 984 de
1345 922 1456 988 cetero
1477 939 1552 1004 gra·

304 1008 402 1075 vibus
426 1007 655 1074 erationibus
686 1007 823 1093 linguae
858 1005 1029 1094 popularis
1073 1007 1227 1073 usumin
1250 1006 1484 1091 mysteriorum
1507 1028 1554 1072 ce·

302 1096 498 1176 lebratione,
522 1116 559 1162 eo
584 1095 656 1182 ipso
680 1094 768 1182 quod
791 1095 953 1246 mpsteria
968 1094 1046 1174 sint,
1060 1116 1125 1159 non
1148 1094 1324 1178 admittit;
1350 1094 1553 1160 Orientalem

303 1184 489 1251 Ecclesiam
521 1183 556 1249 in
592 1205 652 1250 suc
686 1205 749 1248 usu
784 1203 821 1248 re
836 1188 892 1250 ate
925 1182 968 1248 ad
991 1182 1158 1270 propriam
1204 1182 1352 1269 linguam
1399 1181 1554 1249 ritualem

241 1282 243 1290 ’
302 1271 506 1362 permittit·

590 1449 624 1542 s.
652 1445 721 1528 53.
748 1449 811 1528 nc
840 1447 1063 1530 Sacrificio
1090 1446 1270 1530 urtam.
1326 1502 1328 1506 .
1434 1405 1437 1410 ’

389 1615 606 1704 Praecipuum
630 1621 759 1704 partem
783 1616 910 1706 cultus!
934 1615 1042 1683 divini
1065 1601 1173 1682 efficit
1196 1625 1290 1681 sacra
1313 1614 1472 1702 Liturgia
1496 1636 1555 1681 seu

304 1703 503 1771 sacrificium
547 1704 688 1788 altaris3
735 1704 924 1771 celebratur
947 1710 1058 1771 autem
1082 1703 1168 1771 illud
1197 1701 1297 1770 semel
1320 1703 1356 1769 iu
1380 1704 1433 1770 die
1456 1719 1557 1790 super

285 1781 418 1859 ‘eodem
441 1792 550 1858 altari.
576 1792 683 1874 Quam
706 1792 945 1880 proprietatem
968 1793 1055 1858 ritus
1084 1793 1202 1859 Graeci
1227 1790 1259 1858 S.
1284 1791 1387 1858 Sedes
1411 1793 1555 1878 Aposto-

303 1881 366 1948 lica
413 1886 643 1946 conservatam
675 1902 747 1946 esse
780 1879 911 1964 voluit;
959 1903 1032 1948 cum
1067 1881 1154 1946 enim
1189 1879 1556 1948 Graeco-Melchitaea

304 1968 406 2036 Sacra
429 1966 512 2035 Sede
532 1967 758 2070 postularent,
782 1975 821 2035 ut
845 1968 887 2033 ad
910 1968 1182 2034 satisfaciendum
1219 1969 1312 2034 ieteti
1328 1968 1555 2046 Sacerdotum,

304 2062 339 2123 et
361 2055 604 2144 multiplicibus
629 2055 778 2123 fidelium
822 2055 1058 2136 oblationibus,
1105 1991 1310 2143 praedictum
1344 2055 1449 2122 ritum
1472 2056 1556 2122 enti·

247 2189 251 2196 ,
304 2143 436 2232 quitata
459 2143 719 2210 commendatum
744 2147 867 2212 mutari
891 2144 1110 2232 permitteret,
1136 2151 1169 2210 et
1192 2144 1228 2210 in
1251 2143 1412 2210 Ecclesiis
1435 2143 1556 2209 Libani

304 2238 339 2299 et
362 2231 553 2298 Antilibaui
576 2232 689 2321 plures
712 2231 888 2319 Liturgias
913 2232 1026 2298 eodem
1050 2232 1101 2299 die
1125 2254 1223 2318 super
1246 2231 1359 2297 eodem
1383 2231 1486 2298 altari
1510 2231 1555 2296 oi·

304 2320 434 2387 ferendi
456 2318 690 2387 Sacerdotibus
713 2323 811 2387 lieret
831 2324 992 2409 potestas,
1025 2320 1229 2387 Benedictus
1263 2318 1359 2386 XIV.
1384 2319 1556 2387 Constitu·

303 2410 412 2474 tione:
449 2407 725 2488 ,Demandatam‘
750 2408 931 2497 'petitioni
976 2407 1110 2474 minime
1127 2406 1384 2503 indulgendum
1415 2409 1553 2475 censuit.

381 2631 399 2701 ¹)
418 2630 491 2686 Gens
511 2629 659 2690 Valaohica
679 2632 804 2703 (romena
823 2631 869 2686 vel
888 2627 1097 2697 daco-romana)
1117 2629 1212 2684 scribit
1229 2628 1390 2700 Pcruhszky
1412 2645 1473 2700 pag.
1495 2629 1555 2685 855.

304 2705 347 2759 20.
367 2704 397 2757 in
433 2703 628 2758 Transilvania
655 2702 773 2758 avicini
792 2701 903 2773 imperii
923 2703 1065 2774 byzantini
1079 2701 1272 2756 Sacerdotibus
1293 2703 1328 2757 ad
1346 2701 1431 2756 fidem
1452 2701 1554 2756 Christi

304 2777 441 2846 perducta,
462 2793 524 2828 cum
544 2774 597 2829 ritu
616 2775 744 2830 orientali
763 2773 887 2844 linguam
907 2791 1012 2844 quoque
1032 2789 1158 2844 graecam
1177 2773 1288 2842 recepit.
1317 2773 1384 2828 Post
1405 2772 1558 2828 Concilium

305 2847 502 2914 Florentinum,
522 2847 550 2899 in
571 2864 625 2914 quo
644 2845 821 2915 Metropolita
838 2847 994 2902 Moldaviae
1014 2861 1123 2914 quoque
1140 2861 1249 2899 sacram
1260 2845 1391 2900 unionem
1412 2847 1557 2916 amplexus

305 2924 356 2985 est,
376 2919 486 2987 quidam
505 2918 633 2972 Monachi
653 2917 783 2972 Rasciani
804 2923 831 2973 et
849 2917 1018 2984 Moscovitae
1047 2935 1108 2970 cum
1129 2918 1279 2971 schismate
1304 2918 1427 2986 linguam
1447 2935 1555 2987 quoque

304 2991 460 3046 rascianam
479 2990 508 3043 in
527 2990 629 3044 divinis
648 2990 777 3045 Valachis
812 2991 1022 3046 Transilvaniae
1042 2993 1216 3044 obtruserunt
1239 2991 1274 3058 (v.
1305 2988 1437 3043 Demetrii
1459 2988 1557 3044 Cante-

305 3064 366 3117 mir.
387 3061 541 3132 Principis:
569 3062 707 3125 ‚Historia
725 3062 918 3131 Mold‘aviae.‘)
940 3060 979 3116 Ea
1005 3063 1101 3131 lingua
1128 3062 1171 3115 usi
1190 3060 1276 3114 luisse
1294 3061 1424 3115 videntur
1442 3059 1558 3116 Valaohi

304 3136 335 3189 in
353 3135 439 3188 sacris
459 3151 545 3202 usque
564 3135 600 3187 ad
618 3138 745 3204 tempora
781 3135 891 3205 Georgii
928 3135 1057 3205 Rakdczy
1093 3139 1123 3202 1,
1161 3133 1374 3187 Transilvaniae
1410 3132 1557 3204 Principis,

305 3207 358 3276 qui,
380 3205 539 3273 Calvinista,
559 3210 590 3258 ut
608 3206 745 3261 Valachos
765 3210 800 3266 ad
821 3208 1041 3277 amplectendam
1080 3205 1284 3262 confessionem
1310 3205 1478 3260 helveticum
1500 3206 1558 3260 alli-

305 3283 387 3345 ceret,
408 3277 482 3333 editu
503 3277 544 3336 10.
566 3276 623 3333 Oct.
644 3278 722 3333 1643.
744 3280 854 3335 decreto
873 3279 1017 3334 mandavit
1057 3277 1290 3347 Archi-Episcopo
1316 3281 1344 3331 et
1362 3277 1558 3331 Sacerdotibus

305 3350 498 3418 Valachorum‚
518 3367 554 3404 ne
573 3351 692 3420 amplius
713 3354 832 3408 audeant
852 3353 907 3405 alia
924 3352 1019 3420 lingua
1039 3366 1122 3417 quam
1149 3349 1298 3404 Valaohica
1317 3365 1398 3403 sacra
1417 3349 1559 3404 celebrare

305 3428 332 3479 et
353 3423 458 3490 aliquas
476 3423 630 3477 functiones
650 3440 745 3477 sacras
773 3426 857 3480 obire.
878 3423 997 3479 Romani
1034 3421 1209 3477 'transilvani
1226 3420 1348 3490 linguam
1368 3420 1480 3490 quidem
1500 3437 1557 3475 ma·

305 3500 414 3550 ternam
433 3495 606 3564 adoptarunt,
625 3513 642 3550 a
661 3496 714 3549 ritu
734 3501 827 3551 tamen
847 3514 897 3550 suo
916 3511 1055 3562 nunquam
1093 3496 1257 3549 deiecerunt.
1300 3494 1443 3547 Postulato
1464 3510 1559 3547 eorum

307 3568 379 3634 quod
399 3570 603 3636 expresserant,
642 3569 708 3621 dum
746 3569 870 3638 ipsorum
908 3567 1156 3637 Archi-Episcopus
1180 3571 1208 3620 et
1227 3581 1328 3634 magna
1346 3581 1412 3634 pars
1432 3563 1506 3620 Cleri
1527 3581 1560 3619 ac

304 3639 400 3710 populi
420 3641 518 3706 agente
538 3640 699 3708 cumprimis
719 3641 807 3709 Regni
844 3640 1001 3709 Ilunguriae
1040 3640 1160 3693 Primate
1181 3639 1216 3692 ad
1234 3637 1365 3691 unionem
1386 3635 1558 3692 Catholicam

305 3729 367 3765 curn
387 3709 510 3764 Ecclesia
529 3711 657 3765 Romana
682 3712 772 3766 redire
809 3713 998 3778 constituerat,
1019 3716 1046 3766 et
1065 3727 1164 3780 reapse
1192 3711 1217 3763 d.
1239 3708 1496 3764 attrahimur.
1517 3727 1558 3764 re-

305 3783 403 3846 dierat,
424 3785 453 3833 ut
472 3798 573 3850 nempe
611 3783 695 3836 ritum
722 3784 886 3838 orientalem
906 3788 933 3836 et
959 3784 1080 3852 linguam
1120 3786 1275 3837 maternam
1296 3796 1379 3849 porro
1399 3797 1511 3849 quoque
1531 3782 1559 3836 in

306 3854 395 3908 sacris
416 3852 549 3908 adhibere
569 3859 678 3923 queant,
699 3855 818 3909 dotatum
835 3859 885 3908 est.
906 3855 1019 3910 Valaohi
1039 3855 1123 3909 tacito
1143 3871 1280 3909 consensu
1289 3851 1454 3906 Pontificum
1475 3855 1559 3910 modo

305 3941 413 3994 quoque
435 3925 529 3993 lingua
548 3942 600 3979 sua
618 3943 736 3980 romana
752 3927 782 3980 in
807 3928 893 3982 sacris
913 3930 1031 3979 utuntur.
1478 3961 1487 3975 .»

402 4029 436 4038 —
456 3995 530 4050 Olim
569 3997 683 4052 Valachi
699 3998 726 4051 in
747 3999 892 4053 scribendo
918 3999 960 4052 usi
985 4001 1049 4050 sunt
1076 3999 1280 4052 characteribus
1317 3997 1421 4064 latinis
1442 4002 1470 4052 at
1491 4013 1559 4052 vero

307 4069 480 4124 Theoctistus
499 4069 674 4138 Metropolita
710 4070 883 4136 Moldaviae,
896 4074 979 4124 antea
997 4069 1082 4124 Marci
1101 4071 1233 4139 Ephesini
1269 4069 1418 4134 Diaconos,
1439 4086 1557 4139 persua·

306 4145 383 4196 serat
401 4142 560 4196 Alexandro
579 4142 699 4211 Principi
737 4141 835 4214 (Voda)
872 4141 1036 4206 Moldaviue,
1056 4146 1085 4194 ut
1113 4143 1236 4197 eliminet
1273 4142 1380 4196 litteras
1408 4141 1513 4196 latinas
1533 4145 1560 4195 et

306 4214 441 4283 suscipiat
460 4213 606 4282 cyrillicas,
628 4214 701 4284 (vide
721 4214 794 4268 Petri
813 4214 909 4283 Major,
927 4213 1050 4267 Historia
1068 4215 1103 4267 de
1122 4214 1209 4268 initiis
1219 4213 1404 4270 Valachorum
1424 4214 1453 4266 in
1472 4215 1560 4268 Dacia

306 4284 406 4351 1812.).
427 4285 545 4340 Formae
564 4287 717 4340 litterarum
738 4287 996 4340 daco-romanarum
1018 4286 1163 4354 (civilium)
1186 4286 1382 4340 hodiernurum
1401 4290 1499 4340 auctor
1517 4289 1559 4340 est

306 4357 417 4424 quidam
436 4357 553 4420 Russus,
575 4359 621 4425 qui
640 4374 655 4411 e
675 4359 811 4412 scribendi
833 4359 940 4413 ratione
960 4358 1066 4420 russica
1104 4358 1252 4426 rejiciendo
1271 4357 1380 4426 aliquas
1398 4356 1495 4413 literas
1513 4375 1559 4430 cv·

305 4428 411 4483 rillicas
426 4429 578 4482 introduxit
597 4430 667 4483 alias
686 4430 795 4484 latinas.
817 4431 891 4484 Libri
913 4429 984 4482 sacri
996 4429 1193 4495 Romanorum,
1214 4430 1267 4484 uti:
1288 4429 1410 4494 rituales,
1430 4430 1560 4486 missalia

307 4505 356 4554 otc.
377 4501 431 4554 nisi
451 4501 608 4555 successive
628 4505 691 4554 sunt
710 4503 785 4555 versi
811 4502 839 4554 in
865 4503 988 4571 linguam
1023 4502 1203 4568 valachicam,
1227 4505 1270 4555 -et
1307 4518 1370 4554 cum
1394 4502 1557 4556 versionum

308 4575 434 4627 auctores
453 4573 616 4642 plerumque
637 4573 665 4626 in
685 4574 863 4628 monasteriis
900 4573 1035 4640 vixerint,
1061 4590 1111 4628 nec
1139 4573 1253 4627 nomina
1289 4588 1393 4640 eorum,
1413 4572 1468 4626 nisi
1488 4574 1558 4628 torte

307 4660 461 4713 paucorum
480 4646 676 4712 recentiorum,
695 4650 758 4698 sunt
777 4649 852 4700 nota.
872 4643 944 4699 Editi
964 4645 1074 4699 fuerunt
1093 4645 1166 4716 typis
1177 4644 1260 4699 etiam
1275 4661 1340 4698 cura
1358 4643 1556 4714 Episcopurum

307 4716 557 4786 Fugarasiensium,
577 4721 725 4786 postquam
746 4717 832 4772 Blasii
851 4718 923 4772 circa
951 4733 975 4771 a.
1006 4716 1084 4771 1760.
1106 4716 1287 4787 typographia
1305 4720 1348 4771 est
1367 4719 1465 4770 erecta.
