3426 5368
754 337 817 404 373

688 434 892 444 ——.--.——·-

25 573 27 594 ³
155 560 388 630 Orientalium
411 559 593 629 utilitatem
630 561 736 714 magis
767 562 938 650 magisque
975 563 1224 650 procurandam.
1250 559 1317 643 Qui
1339 560 1409 648 qui·

25 687 26 690 ¹
155 651 237 719 dem
283 647 480 718 cardinales
503 655 537 716 et
559 649 687 717 Praesu
702 672 737 716 es
759 671 800 717 ex
835 672 902 717 una
925 657 1020 738 parte
1043 649 1192 737 apprime
1236 653 1411 715 noscentes

155 761 261 828 quam
300 736 504 825 multiplices
547 760 733 826 gravesque
768 739 836 805 sint
874 735 1094 805 Orientalium
1130 737 1343 823 indigentiae,
1379 741 1413 802 et

154 849 262 914 quam
286 847 421 892 neeesse
442 828 497 907 eit,
521 834 560 891 ut
596 826 730 893 illorum
768 827 904 914 negotia
950 831 1087 915 propter
1131 824 1276 912 linguae,
1315 825 1412 904 ritus,

154 913 422 1002 disciplinaeque
445 915 643 983 varietatem
667 915 824 1004 peculiari
857 915 988 982 ratione
1025 912 1174 998 quotidie
1207 914 1312 999 magis
1336 912 1414 987 diri-

154 1010 306 1091 gantur3
341 1023 383 1069 ex
413 1000 522 1070 altera
555 1025 634 1070 vero
670 1003 975 1070 animadvertentes
1007 1024 1091 1091 quae
1114 1009 1324 1090 quantaeque
1346 1003 1414 1066 sint

153 1112 263 1159 curae
285 1095 321 1157 et
343 1091 576 1179 occupationes
599 1091 746 1178 ejusdem
770 1092 1046 1178 congregationis
1059 1089 1155 1157 Fidei
1171 1088 1413 1176 Propagandae

156 1181 203 1246 ob
227 1182 348 1246 mirum
371 1179 602 1248 sanctissimae
625 1185 761 1247 nostrae
786 1179 957 1266 religionis
981 1199 1203 1268 progressum,
1229 1177 1289 1244 hoe
1312 1176 1414 1264 potis-

154 1268 283 1334 simum
306 1269 442 1334 ineunte
477 1268 618 1348 saeculo,
655 1268 782 1334 Divina
809 1267 1001 1357 adspirante
1035 1269 1158 1351 gratia,
1193 1266 1228 1330 in
1258 1265 1415 1330 America

154 1353 432 1444 septentrionali,
463 1356 500 1422 iu
534 1355 643 1423 Indiis
688 1353 931 1437 Orientalibus,
961 1355 995 1421 in
1037 1353 1136 1436 Sinis,
1182 1355 1215 1420 in
1261 1351 1414 1433 Oceania,

155 1445 303 1530 aliisque
340 1443 497 1532 Europae
528 1444 609 1513 locis
643 1443 808 1529 singulari
834 1443 982 1531 ejusdem
1006 1442 1284 1530 congregationis
1315 1462 1415 1529 opera

155 1534 342 1620 studioque
364 1533 529 1615 effectum,
554 1539 589 1599 et
612 1533 652 1599 ob
676 1537 809 1598 auctum
834 1531 967 1598 Sedium
998 1529 1245 1620 Episcopalium
1270 1533 1304 1597 et
1326 1530 1416 1617 Apo·

156 1621 359 1690 stolicorum
382 1619 623 1703 Vicarratuum,
646 1625 682 1687 et
705 1641 873 1687 sacrarum
886 1619 1132 1710 expeditionum
1150 1613 1209 1686 se'u
1220 1618 1414 1684 Missionum

156 1731 348 1790 numerum,
372 1709 427 1778 vel
450 1709 549 1777 facile
573 1710 635 1776 sibi
657 1715 906 1796 persuaserunt,
942 1709 1090 1776 eamdem
1114 1707 1413 1793 congregationem

157 1800 260 1866 novis
282 1797 434 1884 indigere
478 1797 622 1877 auxiliis,
646 1803 686 1863 ut
719 1799 789 1863 sine
823 1797 983 1884 gravibus
1019 1795 1279 1864 difficultatibus
1302 1794 1417 1861 Orien·

157 1888 284 1955 talium
329 1885 475 1972 negotiis
520 1885 657 1974 speciali
697 1885 794 1952 modo
826 1884 1002 1973 providere
1037 1890 1146 1974 queat.
1194 1883 1416 1966 Quamobrem

157 1995 298 2044 sensere
343 1980 566 2063 opportunum
612 1973 744 2039 omniuo
782 1994 854 2041 esse
888 1973 930 2039 ad
963 1973 1153 2062 hujusmodi
1176 1971 1417 2060 assequendum

157 2065 275 2144 finem,
299 2067 340 2130 ut
362 2084 403 2129 ex
425 2061 532 2151 ipsius
567 2061 844 2147 congregationis
888 2061 985 2128 Fidei
1010 2060 1271 2149 Propagandae
1317 2080 1415 2139 more,

160 2150 331 2220 formandi
354 2150 484 2219 scilieet
506 2149 667 2238 speciales
690 2150 973 2238 congregationes
1007 2171 1066 2239 pro
1098 2171 1209 2214 rerum
1233 2170 1270 2215 ac
1294 2153 1417 2235 tempo·

160 2263 239 2308 rum
263 2238 444 2325 gravitate,
468 2237 707 2306 institueretur
753 2238 907 2305 eculiaris
943 2237 1178 2325 congregatio,
1203 2259 1287 2321 qnae
1299 2235 1416 2302 stabili

164 2328 263 2394 modo
286 2329 393 2393 omnia
416 2331 489 2394 tum
511 2330 608 2409 ritus,
632 2332 704 2393 tum
729 2262 923 2414 Sisciplinae
947 2325 1168 2393 Orientalium
1192 2323 1418 2392 Ecclesiarum

165 2414 304 2502 negotia
325 2415 513 2494 tractanda,
538 2437 575 2482 ac
596 2415 768 2501 dirigenda
791 2415 888 2482 unice
899 2419 1041 2482 curaret.
1066 2413 1287 2497 Quamobrem
1310 2411 1418 2478 Nobis

166 2524 368 2592 proposuere
413 2502 587 2570 consilium
630 2503 796 2570 formandi
827 2525 866 2570 ex
899 2503 973 2592 ipsa
1006 2501 1274 2589 congregatione
1319 2497 1418 2566 Fidei

166 2591 407 2678 Propagandae
430 2591 605 2679 specialem
629 2596 664 2658 et
686 2592 839 2659 stabilem
864 2591 1173 2678 congregationem,
1196 2609 1281 2678 quae
1304 2587 1418 2654 Orien·

168 2679 289 2745 talium
312 2679 407 2746 libris
431 2679 646 2768 corrigendis,
660 2681 876 2768 omnibusque
900 2686 934 2748 et
957 2678 1099 2766 siugulis
1110 2679 1269 2766 cujusque
1283 2675 1418 2763 generis

171 2766 391 2833 Orientalium
429 2772 570 2853 negotiis
603 2769 791 2835 tractandis
836 2770 932 2834 unice
970 2790 1101 2857 operam
1135 2775 1246 2847 navet,
1270 2785 1419 2854 quaeque

167 2859 301 2921 constet
323 2877 362 2922 ex
385 2855 556 2923 nonnullis
580 2856 727 2945 ejusdem
750 2856 1030 2943 congregationis
1055 2855 1154 2922 Fidei
1176 2855 1418 2942 Propagandae

164 2940 409 3024 cardinalibus,
434 2949 535 3031 atque
558 2967 577 3009 a
601 2944 758 3013 Generali
782 2944 888 3033 ipsius
924 2943 1202 3031 congregationis
1247 2941 1418 3010 cardinali

163 3026 344 3097 Praefecto
386 3030 540 3120 pendeat,
564 3039 599 3096 et
629 3053 689 3119 pro
715 3033 798 3096 rium
845 3032 966 3098 habeat
999 3033 1231 3113 Secretarium,
1269 3033 1418 3133 proprios

163 3115 392 3200 Consultores,
416 3143 455 3186 ee
476 3121 628 3209 proprios
652 3055 832 3190 Olboiales.
863 3119 934 3186 Nos
957 3119 1065 3205 igitur
1099 3119 1139 3186 de
1163 3122 1280 3206 maj0r1
1304 3119 1419 3186 Orien·

162 3205 287 3273 talium
318 3206 403 3274 bono
448 3229 654 3296 summopere
695 3205 841 3287 solliciti,
879 3213 913 3272 et
948 3228 986 3273 ea
1008 3206 1117 3274 omnia
1140 3227 1299 3294 peragere
1323 3207 1419 3273 vebs·

165 3301 296 3360 menter
318 3298 498 3384 cupientes,
523 3318 607 3381 quae
637 3294 807 3384 spirituali
841 3294 1029 3362 eorumdem
1074 3295 1288 3384 prosperitati
1311 3295 1418 3382 magis

162 3383 200 3450 in
225 3380 296 3448 dies
319 3383 500 3452 conducere
523 3390 656 3472 queant,
697 3384 738 3451 de
772 3382 960 3451 eorumdem
982 3382 1232 3450 Venerabilium
1255 3381 1416 3450 Fratrum

162 3469 366 3538 Nostrorum
402 3473 435 3539 S.
473 3473 515 3541 R.
555 3473 595 3540 Ε.
631 3469 857 3541 cardinalium
893 3472 1032 3540 consilio
1064 3493 1103 3537 ac
1136 3471 1305 3537 sententia
1328 3469 1418 3540 hisce

163 3558 308 3626 Litteris
353 3558 570 3629 Auctoritate
592 3561 716 3626 Nostra
751 3559 953 3648 Apostolica,
990 3559 1194 3648 praedictam
1240 3557 1416 3646 specialem

164 3647 467 3733 congregationem
490 3670 550 3737 pro
574 3649 724 3715 omnibus
756 3647 981 3715 Orientalium
1024 3647 1246 3714 Ecclesiarum
1271 3648 1417 3732 negotiis

163 3735 262 3802 unice
284 3737 471 3804 tractandis
495 3760 534 3804 ao
557 3737 739 3823 dirigendis
762 3743 960 3825 perpetuum
983 3737 1017 3802 in
1042 3735 1174 3803 modum
1198 3735 1356 3822 erigimus
1380 3743 1415 3802 et

164 3823 410 3906 constituimus,
433 3825 477 3893 iis
500 3833 611 3893 tamen
636 3825 766 3911 legibus
790 3831 824 3892 et
848 3824 1105 3905 conditionibus,
1129 3845 1212 3912 quas
1236 3824 1325 3891 hisce
1349 3823 1416 3892 No·

164 3910 247 4016 stris
269 3910 411 3979 Litteris
434 3913 625 3997 statuimus,
656 3921 691 3981 et
712 3935 797 4002 quas
830 3920 991 4002 perpetuo
1026 3911 1208 3980 servandas
1231 3934 1304 3980 esse
1326 3933 1418 4000 prae·

164 4022 316 4088 cip1mue.

262 4087 382 4155 Omnia
404 4091 516 4177 itaque
539 4089 684 4172 negotia,
708 4110 793 4175 quae
826 4111 868 4156 ex
914 4087 1179 4158 commemoratis
1223 4089 1416 4156 Decessorie

164 4175 284 4244 Nostri
306 4175 461 4263 Gregorii
484 4177 561 4245 XV.
584 4177 727 4244 Litteris
754 4177 1008 4258 ,Inserutabili‘
1044 4177 1251 4266 aliorumque
1296 4177 1416 4244 Roma·

164 4286 283 4330 norum
305 4262 502 4333 Pontificum
527 4265 832 4334 constitutionibus
855 4265 899 4333 ad
922 4265 1069 4333 eamdem
1114 4264 1416 4352 Congregationem

165 4351 206 4418 de
228 4351 445 4440 propaganda
466 4353 552 4421 Fide
574 4353 755 4456 pertinent,
780 4361 878 4421 erunt
901 4356 934 4418 in
957 4361 1128 4443 posterum
1151 4353 1187 4420 in
1210 4353 1293 4421 duas
1317 4352 1417 4440 plane

165 4439 348 4508 distinctas
371 4439 494 4508 classes
517 4442 635 4522 divise,
661 4462 778 4529 nempe
801 4441 835 4510 in
859 4445 996 4529 negotia
1019 4441 1117 4509 latini
1139 4445 1237 4522 ritus,
1261 4449 1297 4510 et
1318 4462 1417 4528 nego·

165 4527 217 4593 tia
240 4527 412 4596 orientalis
434 4529 531 4596 ritus.
556 4529 654 4598 Nova
677 4529 903 4616 congregatio
926 4553 946 4596 a
969 4530 1077 4598 Nobis
1100 4529 1263 4597 instituta
1307 4529 1418 4595 omnia

166 4614 386 4682 Orientalium
411 4620 553 4704 negotia,
577 4618 710 4685 etiamsi
732 4618 848 4699 mixta,
872 4640 956 4707 quae
1001 4615 1131 4684 scilicet
1167 4617 1239 4684 sive
1262 4618 1320 4698 rei,
1345 4617 1417 4684 sive

165 4724 382 4792 personarum
405 4707 533 4774 ratione
554 4705 696 4775 Latinos
708 4705 892 4792 attingant,
906 4711 1053 4774 tractare
1066 4704 1210 4786 debebit,
1224 4704 1291 4772 uisi
1302 4701 1417 4774 eadem
