3420 5358
873 381 953 484 ..rr
991 479 998 482 .

301 627 360 670 nos
383 603 564 692 Episcopos
587 604 763 692 prohibere
786 603 939 671 subditos
963 626 1049 684 suos,
1074 625 1115 670 ne
1141 602 1373 670 Confessiones
1419 602 1543 670 faciant

301 692 536 759 Sacerdotibus
558 692 726 758 Rothenis
749 692 866 768 unitis,
891 692 932 757 ab
957 691 1146 758 Ordinariis
1169 691 1316 756 locorum
1341 691 1543 778 approbatis,

301 802 361 846 nec
383 803 399 845 e
423 785 538 847 contra
561 780 742 868 Episcopos
778 780 952 846 Ruthenos
984 783 1098 845 unitos
1138 778 1290 844 subditos
1324 801 1403 845 suos
1446 779 1544 846 simili

301 867 525 955 prohibitione
548 867 664 954 ligare,
689 889 730 934 ne
754 868 979 935 confessarios
1003 866 1126 933 latinos
1161 867 1362 954 approbatos
1408 866 1451 932 ad
1496 888 1547 933 ex·

300 954 421 1043 pianda
445 977 504 1022 sua
528 962 665 1042 peccata
687 956 836 1040 adeant;
860 979 935 1020 nam
958 978 1031 1022 oum
1055 955 1205 1022 Rutheni
1229 954 1317 1020 uniti
1361 955 1432 1020 sint
1477 955 1546 1020 veri

301 1043 474 1124 Catholici,
498 1045 555 1110 ubi
580 1043 681 1110 Ritus
705 1043 884 1112 diversitas
907 1065 972 1109 non
996 1049 1172 1130 repugnat,
1197 1041 1401 1108 discordias·
1426 1047 1461 1107 et
1485 1042 1545 1112 dis·

300 1131 386 1196 sidia
406 1131 496 1199 inter
519 1155 574 1198 eos
598 1132 783 1199 excitantes
807 1138 841 1199 et
864 1131 1052 1198 nutrientes
1075 1132 1297 1210 introducere,
1311 1130 1546 1196 inconveniens

300 1228 336 1285 et
357 1219 548 1285 damnosum
578 1228 638 1285 est.

396 1328 646 1395 Observandum
671 1333 782 1396 autem
806 1322 868 1410 est,
893 1329 981 1418 quod
1004 1327 1338 1397 Graeco-Catholicae
1352 1327 1456 1394 etiam
1467 1327 1546 1394 Con·

300 1417 495 1482 stitutiones
517 1418 691 1503 generales
713 1417 937 1483 Romanorum
961 1417 1173 1497 Pontificum,
1198 1420 1232 1483 in
1256 1422 1420 1504 quantum
1445 1421 1479 1481 et
1489 1437 1546 1502 pro

185 1549 199 1594 3
300 1505 369 1570 illis
393 1504 501 1571 editae
525 1512 614 1585 sunt,
640 1505 797 1590 obligent,
822 1505 903 1571 talis
927 1509 979 1571 est
1002 1505 1207 1572 Constitutio
1233 1500 1404 1570 Benedicti
1433 1503 1544 1570 »xiv

300 1592 466 1660 Kalendis
490 1592 585 1659 Junii
612 1593 706 1659 1741.
731 1594 823 1658 edita
845 1593 926 1660 Nro.
951 1592 1024 1658 20.:
1075 1592 1145 1673 ,Ne
1189 1591 1281 1658 ullus
1315 1591 1544 1658 Confessarius

300 1687 395 1746 extra
420 1703 530 1746 casum
555 1687 723 1746 extremae
745 1682 966 1762 necessitatis,
991 1679 1146 1745 nimirum
1170 1681 1203 1745 in
1227 1681 1332 1767 ipsius
1357 1679 1476 1744 mortis
1499 1702 1545 1745 ar·

299 1767 414 1847 tioulo,
439 1773 475 1833 et
498 1769 671 1834 deficiente
693 1777 775 1842 tunc
798 1792 926 1856 quoque
950 1769 1017 1834 alio
1041 1767 1229 1848 Sacerdote,
1254 1768 1309 1854 qui
1345 1765 1545 1834 confessarii

300 1879 419 1922 munus
444 1856 535 1921 obire
559 1856 676 1943 possit,
700 1856 947 1930 confessionem
971 1855 1259 1922 sacramentalem.
1279 1876 1441 1942 personae
1464 1877 1546 1920 com·

299 1943 395 2030 plicis
419 1944 454 2008 in
477 1953 612 2030 peccato
637 1945 728 2031 turpi
752 1949 853 2032 atque
877 1944 1052 2010 inhonesto
1076 1950 1193 2010 contra
1226 1950 1358 2009 sextum
1397 1942 1544 2028 decalogi

299 2040 510 2117 praeceptum
535 2033 707 2096 commisso
731 2041 879 2120 excipere
903 2032 1034 2109 audeat,
1060 2031 1194 2097 sublata
1208 2040 1385 2118 propterea
1397 2030 1461 2110 illi,
1474 2033 1543 2118 ipso

264 2166 266 2172 .
298 2120 381 2206 jure,
407 2141 600 2207 quacunque
624 2122 826 2186 auctoritate
849 2127 883 2186 et
919 2120 1161 2203 jurisdictione,
1200 2120 1242 2185 ad
1287 2119 1545 2207 qualemcunque

299 2229 475 2294 personam
498 2207 539 2273 ab
563 2207 753 2292 hujusmodi
777 2209 873 2294 culpa
897 2207 1162 2275 absolvendam«
1201 2206 1295 2289 Quae
1340 2207 1545 2274 Constitutio

299 2294 471 2382 pontificia
494 2300 592 2360 tanto
615 2297 721 2379 magis
745 2297 900 2382 congruit
924 2317 997 2363 cum
1021 2296 1209 2363 Canonibus
1233 2295 1462 2377 orientalibus,
1475 2314 1545 2360 cum

296 2384 394 2470 juxta
418 2405 483 2464 eos,
508 2384 587 2448 talis
611 2383 726 2449 delicti
749 2406 826 2450 reus
850 2385 890 2450 de
913 2385 1046 2452 Canone
1070 2385 1117 2450 sit
1141 2383 1346 2469 irregularis,
1372 2388 1407 2449 et
1430 2405 1450 2447 a
1474 2383 1543 2449 fun·

299 2464 466 2537 ctionibus
489 2471 810 2560 Ordinis,·omnique
829 2473 988 2539 exercitio
1012 2473 1197 2559 spiritualis
1218 2471 1462 2558 jurisdictionis
1482 2491 1545 2538 ces·

299 2580 373 2626 sare
396 2559 524 2626 debeat.

394 2691 556 2758 Similiter
579 2691 784 2760 Constitutio
809 2691 956 2779 ejusdem
979 2693 1164 2773 Pontifiois,
1210 2714 1253 2756 ua
1276 2690 1544 2758 confirmatCon·

299 2778 510 2846 stitutionem
533 2781 767 2846 Antecessoris
790 2780 946 2866 Gregorii
969 2779 1045 2848 XV.
1069 2781 1171 2846 Bulla
1188 2715 1246 2845 (dd
1275 2786 1410 2860 ‚contra
1457 2776 1543 2844 solli·

299 2869 457 2933 citantesl
485 2890 549 2955 qua
573 2867 776 2956 praecipitur
798 2869 1048 2952 poenitentibus
1070 2875 1109 2933 ut
1155 2868 1356 2934 denuncient
1401 2867 1545 2933 locorum

299 2953 496 3036 Ordinariis,
521 2964 555 3021 et
577 2961 618 3022 ut
640 2955 683 3020 ad
707 2956 767 3021 hoc
790 2955 995 3023 Confessarii
1019 2955 1218 3023 admoneant
1248 2958 1460 3043 poenitentes
1484 2955 1542 3020 sub

299 3042 520 3129 denegatione
543 3042 765 3109 absolutionis
789 3043 1049 3124 sacramentalis,
1074 3044 1116 3109 ad
1140 3043 1385 3110 denunciandos
1410 3041 1543 3111 Confes-

299 3129 414 3212 sarios,
439 3134 495 3219 qui
517 3153 677 3219 personas
700 3153 913 3219 quascunque
936 3131 977 3197 ad
1001 3134 1123 3221 turpia,
1148 3154 1206 3198 seu
1237 3139 1404 3218 peccatum
1430 3136 1546 3197 contra

299 3217 360 3283 VI.
385 3219 535 3306 decalogi
559 3230 771 3307 praeceptum
795 3220 1005 3308 patrandum,
1030 3221 1063 3287 in
1090 3226 1167 3287 actu
1190 3218 1442 3286 sacramentalis
1466 3218 1546 3286 Con·

299 3305 463 3388 fessionis,
488 3310 559 3374 sive
583 3315 691 3389 antea,
717 3309 789 3374 sive
811 3314 896 3395 post,
922 3309 992 3374 sive
1017 3315 1194 3396 praetextu
1240 3307 1466 3375 Confessionis
1510 3307 1545 3372 in

298 3393 453 3482 locopro
476 3395 691 3462 Confessione
715 3396 882 3462 destinato
906 3397 1102 3463 simulantes
1125 3395 1373 3464 Confessionem
1419 3393 1544 3475 audire,

299 3482 480 3549 sollicitare
501 3485 553 3551 vel
578 3507 758 3572 provocare
781 3485 998 3566 tentaverint,
1031 3491 1091 3551 aut
1115 3507 1188 3552 cum
1233 3483 1304 3550 illis
1348 3480 1545 3549 inhonestos

299 3591 464 3638 sermones
489 3572 541 3638 vel
565 3578 733 3639 tractatus
763 3572 952 3639 habuerint.

392 3703 544 3792 Denique
567 3703 696 3791 obligat
720 3704 1052 3774 Graeco-Catholicos
1076 3706 1179 3771 etiam
1201 3703 1381 3771 Decretum
1405 3702 1545 3771 Concilii

298 3792 534 3858 Lateranensis
557 3792 618 3860 IV.
643 3792 721 3880 Cap.
746 3793 797 3858 21.
828 3794 885 3874 ,de
909 3793 1028 3879 Sigillo
1059 3792 1303 3861 Confessionis‘
1332 3791 1427 3878 cujus
1450 3796 1546 3860 tenor

298 3902 438 4032 septiens
462 3887 534 3947 est:
563 3881 703 3961 ,Caveat
727 3883 858 3948 omnino
882 3877 1123 3962 confessarius,
1149 3903 1190 3946 ne
1212 3881 1324 3962 verbo,
1360 3879 1415 3946 vel
1438 3880 1545 3965 signo,

298 3977 338 4034 v'e
376 3968 442 4034 alio
466 3970 585 4057 quovis
607 3968 701 4035 modo
726 3968 846 4055 prodat
869 3969 1080 4056 aliquatenus
1104 3974 1334 4056 peccatorem:
1359 3966 1546 4055 sedsipru·

300 4056 444 4123 dentiori
468 4057 606 4124 consilio
629 4056 824 4143 indiguerit,
849 4057 934 4122 illud
958 4058 1081 4144 absque
1104 4057 1175 4122 ulla
1199 4055 1411 4142 expressione
1434 4077 1546 4156 perso·

301 4166 361 4210 riae
385 4151 482 4211 caute
505 4145 675 4233 requirat;
700 4145 855 4233 quoniam
879 4145 936 4233 qui
960 4150 1131 4232 peccatum
1155 4145 1190 4210 in
1214 4143 1451 4232 poenitentiali
1493 4143 1546 4230 ju·

299 4231 383 4298 dicio
407 4234 472 4299 sibi
496 4233 664 4300 detectum
685 4233 949 4322 praesumpserit
972 4233 1131 4313 revelare,
1156 4255 1218 4298 non
1244 4231 1350 4298 solum
1392 4253 1411 4296 a
1435 4230 1548 4298 Sacer·

301 4321 406 4387 dotali
430 4321 548 4387 Officio
570 4322 798 4410 deponendum
822 4321 1036 4402 decernimus,
1061 4343 1176 4388 verum
1200 4319 1359 4386 etiamad
1382 4319 1546 4406 agendam

299 4415 493 4500 perpetuam
515 4410 754 4498 poenitentiam
778 4411 813 4475 in
837 4414 965 4475 arctum
989 4411 1225 4474 monasterium
1271 4407 1542 4474 detrudendum‘
