3468 5368
282 603 355 670 culi*
374 604 443 684 vl,
466 602 740 692 quamadmodum
763 609 896 669 constat
919 627 960 670 ex
982 603 1144 690 Gregorio
1167 604 1290 690 Magno
1314 601 1384 689 (lib.
1418 603 1448 668 7.
1473 624 1524 690 ep.

281 691 333 756 34.
358 690 400 756 ad
422 691 513 758 Eccl.
538 689 742 776 Alexandr).
756 691 835 778 Ipse
856 691 959 758 etiam
981 690 1343 778 DionysiusExiguus
1366 687 1523 756 adfinem

279 778 402 846 saeculi
426 779 467 848 V.
492 778 661 867 proprium
685 779 875 846 construxit
904 778 1059 864 codicem,
1093 779 1260 861 translato
1306 800 1347 843 ex
1392 775 1523 844 Graeco

278 867 416 954 antiquo
440 867 551 934 codice
574 865 754 946 Oanonum,
778 866 904 933 additis
928 867 1063 954 insuper
1108 865 1353 955 quinquaginta
1384 863 1526 930 Canoni-

277 955 340 1021 bus
363 955 463 1022 dictis
486 953 702 1044 Apostolicis,
728 962 810 1042 quot
831 956 866 1020 in
893 954 997 1026 veteri
1037 954 1148 1021 codice
1193 961 1299 1035 erant,
1345 958 1524 1040 praeterea

277 1042 467 1110 Canouibus
487 1041 820 1123 Chalcedonensibus,
845 1043 968 1129 viginti
992 1049 1027 1109 01
1039 1064 1140 1109 unum
1154 1042 1292 1110 Concilii
1307 1039 1524 1120 Sardicensis,

277 1153 316 1197 ac
338 1131 478 1219 denique
501 1138 633 1197 centum
656 1131 801 1216 triginta
823 1135 859 1197 et
883 1137 957 1198 0010
981 1129 1172 1198 Canonibus
1197 1129 1369 1204 Africanis
1402 1151 1443 1195 ex
1478 1127 1525 1195 ls-

276 1219 348 1284 tino
372 1225 469 1285 textu
492 1217 689 1306 descriptis,
713 1219 832 1285 deinde
856 1241 934 1285 vero
958 1218 1134 1305 evulgavit
1169 1219 1305 1285 litteras
1338 1216 1524 1284 decretales

276 1329 477 1375 summorum
499 1307 700 1372 Pontificum
724 1329 743 1371 a
767 1305 898 1395 Syrioio
923 1329 1027 1394 usque
1050 1306 1092 1371 ad
1115 1306 1345 1388 Anastasium,
1364 1303 1453 1370 unde
1476 1303 1523 1370 di-

275 1395 451 1481 vergentia
475 1394 644 1460 variorum
668 1394 817 1461 codicum
842 1394 1019 1482 conspicua
1042 1394 1145 1460 estad
1155 1395 1344 1483 opinionem
1358 1391 1398 1458 de
1411 1392 1524 1459 codice

217 1553 220 1562 ,
275 1481 446 1550 Canonum
468 1481 640 1548 Ecclesiae
662 1482 840 1550 universae
862 1483 1085 1562 refutandam.
1198 1553 1201 1568 Ι

641 1663 675 1756 ξ.
704 1660 773 1741 41.
807 1661 947 1763 Leges
982 1658 1157 1740 Civiles.

368 1827 481 1893 Etiam
503 1827 726 1916 Imperatores
749 1828 934 1896 Christiani
956 1829 1043 1895 cirea
1066 1849 1121 1893 res
1144 1825 1387 1894 ecclesiasticas
1398 1827 1522 1894 Edicta

273 1912 459 1997 ediderunt,
484 1917 626 2003 quaein
650 1916 795 1983 codicem
818 1916 1079 1984 ecclesiasticum
1102 1914 1210 1980 relata
1234 1919 1325 1980 sunt.
1360 1914 1521 1981 Memora-

271 2001 350 2068 bilis
372 2011 425 2069 est
447 2003 598 2071 collectio
622 2003 816 2072 Edictorum
851 2003 1030 2072 Theodosii
1063 2003 1109 2070 ΙΙ.
1149 2002 1253 2089 (438.)
1282 2024 1367 2090 quae
1398 2002 1543 2070 Edicta¹

271 2111 331 2176 pro
354 2090 533 2158 Occidente
557 2114 615 2178 per
637 2092 914 2161 Valentinianum
936 2093 1177 2181 Imperatorem
1190 2089 1388 2158 confirmata
1400 2096 1488 2158 sunt.
1496 2096 1522 2177 ¹)

271 2177 431 2268 Adeoque
477 2180 621 2247 rioribus
645 2180 815 2252 Ecclesiae
838 2181 981 2249 saeculis
1004 2179 1070 2248 Jus
1104 2179 1366 2262 ecclesiasticum
1397 2180 1520 2250 consti-

270 2268 413 2334 tuebant
463 2291 586 2335 anones
610 2268 691 2334 dicti
712 2270 963 2358 Apostolorum,
989 2271 1067 2336 item
1090 2266 1540 2347 Consiliorumdeoretales·
1586 2340 1590 2354 ‚

270 2353 326 2421 vel
348 2355 522 2444 Epistolae
544 2356 755 2438 Pontificum,
780 2362 815 2424 et
837 2357 959 2425 Edicta
982 2355 1236 2445 Imperatorum,
1272 2361 1436 2444 quantum
1459 2377 1521 2445 per

269 2441 454 2512 Ecclesiam
477 2450 651 2532 acceptata
676 2453 767 2512 sunt.

516 2604 519 2612 A

537 2625 571 2718 ἕ.
600 2621 669 2705 42.
699 2622 978 2705 continuatio
1015 2622 1246 2704 Historiae.
1291 2701 1299 2714 ,

268 2788 302 2856 Α
335 2796 495 2878 quarto
535 2813 681 2879 usque
726 2796 941 2859 octavum
987 2789 1262 2876 Concilium
1307 2790 1519 2858 Oscume·

813 2925 970 2990 nicum.

363 3077 459 3146 Circa
480 3078 580 3145 finem
602 3079 726 3146 saeculi
749 3079 785 3146 V.
811 3078 963 3147 collectio
987 3080 1157 3148 Cenonum
1178 3078 1351 3146 Ecclesiae
1369 3076 1514 3145 orienta-

266 3161 310 3230 lis
333 3165 614 3254 complectebatur
636 3167 786 3235 Oenones
809 3167 1049 3255 Apostolorum
1083 3167 1136 3248 85,
1171 3167 1253 3234 item
1285 3164 1517 3255 'Consiliorum

266 3249 406 3321 Nicaeni
428 3254 467 3334 I,
490 3255 674 3343 Ancyrani,
710 3255 1009 3337 Neocaesariensis,
1045 3255 1260 3336 Sardiceusis,
1294 3253 1514 3340 Gangrens'is,

265 3341 478 3423 Antiocheni,
503 3342 692 3423 Laodiceni,
717 3342 1084 3432 Constantinopolitaui
1106 3343 1145 3426 1,
1172 3342 1341 3432 Ephesini,
1366 3351 1400 3407 et
1417 3341 1517 3409 Chal-

266 3427 466 3511 cedonensis,
491 3432 610 3519 quibus
634 3431 850 3499 Justinianus
873 3433 1060 3520 Imperator
1083 3429 1515 3520 civilemquoqueauctori·

264 3521 370 3585 tatem
392 3519 553 3604 tribuitl)
577 3520 670 3603 Quae
694 3520 861 3588 Canonum
887 3521 1037 3588 collectio
1077 3522 1112 3586 in
1158 3527 1287 3588 certum
1331 3517 1509 3606 quemdam

264 3607 517 3694 systematicum
541 3611 688 3675 ordinem
711 3608 820 3696 redigi
844 3609 963 3696 eoepit,
988 3608 1179 3697 etquidem
1203 3608 1307 3696 primo
1330 3628 1389 3694 per
1404 3604 1429 3673 J
1432 3627 1510 3673 oan-

263 3716 339 3761 nem
360 3695 600 3783 Presbyterum
622 3695 870 3764 Antiochenam
893 3697 968 3764 dein
993 3696 1314 3784 Archi-Episcopum
1351 3694 1515 3762 Constan-

263 3781 532 3870 tinopolitanum,
556 3785 613 3873 qui
636 3785 737 3851 etiam
761 3785 937 3872 sexaginta
960 3792 1034 3852 octo
1059 3785 1211 3851 Oenones
1245 3783 1353 3850 sancti
1391 3781 1512 3849 Basilii

263 3869 397 3952 adjecit,
422 3871 575 3938 dividens
600 3881 708 3938 totum
731 3873 875 3941 codicem
898 3873 933 3939 in
977 3873 1028 3938 50.
1066 3872 1238 3957 Titulos.³)
1284 3872 1513 3938 Accesserant

264 3957 340 4025 dein
363 3959 514 4027 Oenones
536 3959 792 4048 poenitentiales
814 3961 957 4028 Joannis
987 3961 1198 4050 Jejunatoris
1235 3958 1515 4047 Archi-Episcopi

262 4047 935 4137 00001001100001110014)0010001000οη
959 4049 1021 4116 hae
1044 4049 1257 4118 collectiones
1281 4047 1418 4114 fuerunt
1442 4049 1512 4133 pri·

263 4142 372 4217 vatae,
397 4136 500 4204 donee
522 4137 706 4205 Concilium
729 4136 929 4204 Trullanum
951 4137 1084 4206 Canone
1107 4160 1167 4205 suo
1190 4137 1237 4206 H.
1251 4135 1510 4204 determinasset

262 4225 468 4314 complexum
492 4225 614 4292 codicis
637 4225 863 4308 ecclesiastici,
888 4226 943 4293 001
966 4226 1135 4314 posterius
1158 4229 1371 4295 accesserunt
1403 4222 1513 4312 ipsius

266 4387 469 4397 -—--..—--—-.-

339 4449 357 4517 ¹)
377 4449 482 4506 Walter
501 4456 524 4516 ξ.
544 4448 588 4504 65.

336 4523 355 4624 l
376 4521 522 4651 10111.
535 4521 883 4650 1110111111
898 4525 929 4650 t
944 4523 971 4579 ⁶·
993 4522 1107 4650 1·a⁸·
1130 4524 1199 4580 ll·
1221 4521 1280 4576 ³³¹·
1302 4518 1329 4579 ⁶·
1352 4519 1374 4574 ¹·

337 4595 356 4747 jd
376 4668 454 4748 Apud
472 4613 568 4722 Modin.
590 4665 741 4748 Comment.
762 4636 859 4750 nister.
881 4638 916 4723 de
935 4613 1504 4738 0111000010000100100100030000.

261 4743 365 4807 poena.
386 4740 464 4794 Parus
487 4738 562 4793 1651.
585 4743 609 4793 el
639 4753 666 4793 1n
688 4741 828 4794 Pedalion.
