3420 5358
810 396 1013 499 Q

284 612 498 699 sequebatur,
523 611 638 698 illique
662 633 700 677 aa
723 614 823 678 etiam
846 611 1027 694 deferebat,
1045 634 1130 700 quas
1148 611 1235 698 juris
1258 612 1431 679 Ecclesiae
1444 619 1534 692 sunt,

288 699 398 766 effecit
421 705 459 764 ut
481 701 593 784 graeci
616 699 854 766 assentationis
876 700 997 788 spiritu
1021 701 1114 766 ducti
1134 698 1303 788 coeperint
1325 699 1533 786 pedetentim

287 787 496 875 aprimaevo
537 785 699 854 instituto
744 786 933 868 desciscere,
957 792 1058 875 atque
1090 809 1130 855 ex
1151 786 1359 876 praescripto
1383 785 1536 854 civilium

285 871 400 964 legum
421 896 493 941 sese
515 895 630 960 gerere
653 873 689 939 in
712 874 773 941 hoe
797 875 994 963 praesertim
1027 874 1174 963 negotio,
1190 874 1224 943 in
1243 896 1307 962 quo
1331 872 1536 965 cupiditates

287 983 441 1049 magnam
463 963 546 1031 adeo
569 960 635 1029 sibi
657 968 786 1050 partem
809 962 992 1032 vindicant
1026 965 1081 1030 Ab
1113 963 1210 1030 initio
1242 961 1373 1050 quidem
1407 961 1537 1044 timide,

287 1054 403 1136 postea
427 1072 505 1118 vero
517 1047 686 1131 audacius,
709 1071 784 1118 cum
806 1050 1010 1119 consuetudo
1032 1049 1101 1140 jam
1123 1050 1212 1118 altas
1233 1048 1362 1118 radices
1389 1053 1534 1138 egisset;

287 1137 390 1204 donec
422 1137 520 1225 longe
551 1138 684 1226 lateque
718 1137 898 1206 obtinuerit
929 1145 963 1206 et
994 1139 1237 1228 quadamtenus
1266 1139 1430 1228 pessimus
1461 1160 1533 1206 mos

285 1224 548 1315 praescripserit,
594 1225 884 1294 dissimulantibus
919 1225 1022 1315 prius,
1059 1225 1178 1296 deinde
1212 1247 1291 1294 vero
1314 1227 1536 1316 probantibus

285 1313 449 1402 supremis
473 1313 565 1380 illius
584 1313 756 1382 Ecclesiae
768 1315 934 1402 maetas)
948 1314 1151 1403 pastoribus.

381 1422 492 1506 Magis
513 1428 626 1490 antem
647 1445 686 1491 ac
721 1423 829 1511 magis
861 1423 986 1508 abusus
1017 1423 1179 1512 ejusmodi
1202 1423 1379 1504 increbuit,
1403 1446 1444 1492 ex
1468 1445 1534 1514 quo

286 1511 399 1578 seculo
433 1509 532 1578 VIII.
570 1511 758 1600 Imperator
791 1510 1043 1593 Constantinus,
1078 1511 1195 1578 Basilii
1229 1510 1329 1592 filius,
1353 1511 1534 1600 repudiata

284 1598 393 1665 Maria
417 1619 551 1668 armena
572 1599 726 1688 legitima
760 1621 872 1680 uxore,
907 1599 1114 1668 Theodotum
1147 1599 1382 1668 cubiculariam
1410 1599 1534 1684 duxit3

286 1687 374 1775 quod
396 1686 560 1754 nefarium
582 1687 721 1764 facinus,
747 1688 827 1755 licet
850 1709 962 1755 omnes
996 1687 1158 1755 severiori
1181 1687 1261 1754 disci
1288 1687 1376 1755 linae
1398 1687 1537 1756 studen-

286 1783 339 1843 tes
362 1773 621 1856 detestarentur,
645 1781 794 1842 attamen
818 1797 837 1842 a
862 1798 926 1842 non
949 1776 1065 1866 paucis
1094 1775 1228 1863 ignavis
1263 1710 1438 1866 lipiscopis
1457 1797 1538 1929 pro·

286 1863 402 1929 hatum
425 1862 534 1930 fuitl.
557 1862 669 1951 Hujus
691 1863 710 1932 I
767 1862 909 1930 aratoris
936 1864 1131 1952 exemplum,
1155 1869 1193 1931 ut
1215 1863 1288 1931 fieri
1312 1863 1409 1946 solet,
1432 1865 1537 1953 puri·

286 1951 691 2018 moshsbuitimitatores.
714 1885 996 2039 nhllijoradeuique
1019 1958 1117 2020 nacta
1140 1956 1193 2019 est
1214 1951 1376 2040 ejusmodi
1399 1973 1538 2020 consue

286 2039 368 2106 tudo
391 2059 451 2105 seu
473 2040 663 2128 corruptela
688 2039 893 2107 incrementa
932 2046 1009 2128 post
1042 2039 1231 2107 luctuosum
1255 2039 1398 2106 schisma
1421 2039 1537 2108 Photii

262 2135 321 2199 et
343 2126 515 2195 Michaelis
538 2127 743 2212 Caerularii3
777 2149 818 2196 ex
849 2149 887 2195 eo
918 2127 1005 2195 eninr
1036 2133 1193 2230 tempore,
1233 2126 1385 2194 historici
1421 2149 1539 2197 omnes

286 2237 448 2282 consensu
471 2215 573 2281 animi
597 2215 800 2304 exprobrant
821 2216 952 2303 graecis
996 2214 1218 2286 divortrorum
1253 2215 1410 2284 effrenem
1433 2215 1536 2284 licen·

285 2303 378 2384 tiam,
401 2325 467 2370 non
491 2302 598 2370 solum
620 2304 657 2369 in
679 2325 759 2370 casu
780 2303 948 2385 adulterii,
982 2326 1097 2371 verum
1131 2303 1233 2370 etiam
1256 2304 1298 2370 cb
1321 2304 1407 2372 alias
1431 2304 1535 2392 longe

288 2392 430 2459 minores
454 2392 611 2480 cansasl).
635 2390 733 2474 Quod
755 2391 887 2477 quidem
911 2393 1034 2459 malum
1064 2391 1319 2459 dissimularunt
1341 2392 1457 2479 graeci
1480 2414 1540 2458 an·

250 2498 252 2503 ’
288 2480 418 2548 tistites
441 2502 479 2547 eo
503 2480 606 2547 etiam
629 2479 769 2561 nomine,
794 2502 836 2546 ne
867 2480 898 2546 si
927 2480 1025 2546 nimis
1060 2479 1320 2567 objurgarentur
1342 2481 1398 2567 qui
1422 2502 1460 2548 se
1483 2479 1540 2548 his

287 2567 434 2656 repudiis
446 2568 581 2636 foedare
595 2566 774 2648 audebant,
788 2567 831 2634 ad
843 2568 1179 2636 mahumedanismum
1199 2567 1429 2636 desciscerent.
1454 2570 1535 2648 Ast,

288 2655 516 2745 (progreditur
536 2657 696 2742 Perrone)
708 2657 736 2722 si
749 2655 863 2742 aliqua
875 2659 1086 2726 excusatione
1108 2656 1202 2743 digni
1226 2654 1383 2747 videntur
1394 2657 1540 2724 Praesu-

287 2744 337 2812 les
359 2745 419 2825 illi,
443 2745 500 2832 qui
524 2744 586 2811 sub
610 2744 789 2812 islamitica
811 2744 938 2812 ditione
961 2744 1139 2813 constituti
1162 2749 1251 2824 sunt,
1286 2743 1436 2832 profecto
1460 2766 1538 2812 eam

287 2832 466 2899 obtendere
490 2839 658 2920 nequeunt
679 2832 713 2911 ii,
738 2833 793 2919 qui
818 2837 913 2898 extra
935 2832 1028 2898 illam
1056 2832 1217 2900 ditionem
1234 2837 1421 2914 versantur,
1435 2836 1476 2900 ut
1500 2832 1540 2899 in

286 2919 459 2999 Valachia,
484 2919 719 2986 Transilvania
753 2921 893 3007 aliisque
926 2920 1080 2987 finitimis
1109 2920 1311 3007 regionibus,
1342 2920 1379 2987 in
1412 2920 1538 3008 quibus

287 3008 394 3075 adhuc
416 3008 536 3094 vigent
558 3030 621 3073 non
646 3006 743 3097 pauci
767 3029 808 3076 ex
830 3008 993 3095 ejusmodi
1016 3008 1175 3076 abusibus
1198 3009 1239 3075 ob
1262 3007 1350 3096 juris
1373 3007 1537 3078 Ganonici

286 3095 375 3184 quod
397 3117 498 3184 penes
521 3095 611 3184 ipsos
634 3101 804 3183 receptum
827 3104 879 3164 est
901 3095 1064 3182 (Pravila)
1087 3096 1333 3164 auctoritatem.
1357 3096 1451 3164 Idem
1475 3095 1533 3164 dic

286 3188 328 3252 de
350 3206 437 3251 novo
459 3183 619 3252 Graeciae
641 3206 754 3271 regno,
778 3185 813 3252 in
836 3207 900 3274 quo
924 3186 1039 3252 eadem
1062 3183 1232 3272 legislatio
1246 3183 1355 3252 denuo
1367 3186 1536 3274 adoptata

285 3280 322 3340 et
345 3272 539 3339 confirmata
561 3277 653 3351 eam).

381 3360 428 3428 Et
451 3361 532 3429 haec
561 3361 694 3449 quidem
717 3361 826 3448 quoad
845 3361 1016 3429 Ecclesias
1048 3362 1090 3428 ab
1118 3361 1251 3429 unitate
1282 3358 1456 3429 Ecclesiae
1485 3381 1540 3428 ca·

285 3447 429 3516 thelicae
452 3460 646 3538 separatas:
669 3472 746 3518 nam
769 3450 856 3538 quod
879 3450 1004 3517 attinet
1027 3448 1071 3517 ad
1093 3449 1260 3517 Ecclesiae
1272 3451 1537 3537 graeccunitas,

286 3536 365 3604 licet
386 3538 512 3606 abusus
530 3560 641 3606 omues
665 3538 809 3606 nondum
832 3538 950 3606 aboliti
973 3538 1052 3620 sint,
1087 3559 1253 3607 recessum
1275 3546 1389 3606 tamen
1411 3537 1538 3606 sensim

361 3761 378 3830 ¹)
398 3759 437 3815 Cf.
458 3759 608 3816 Beronium
633 3761 667 3816 ad
693 3777 736 3816 sn.
770 3759 831 3814 795.
856 3760 888 3814 N.
920 3760 999 3814 XLII.
1027 3778 1084 3830 seq.
1128 3779 1190 3816 corn
1209 3761 1284 3816 notis
1303 3759 1388 3830 Pagii,
1409 3759 1458 3828 qui
1477 3777 1540 3817 rem

285 3839 372 3890 totam
400 3833 461 3887 fuse
487 3833 578 3900 refert,
607 3836 634 3887 et
661 3849 777 3903 magnas
801 3832 831 3886 in
855 3831 980 3887 Ecclesia
1008 3831 1317 3903 constantinopolitana
1343 3836 1458 3903 propter
1483 3833 1540 3889 hoc

284 3908 375 3962 scelus
394 3908 506 3960 exortas
523 3905 686 3960 discordias
707 3905 808 3959 Unicus
828 3904 863 3959 ab
882 3904 962 3959 initio
979 3905 1082 3958 restitit
1096 3904 1270 3960 Constantini
1280 3904 1385 3974 flagitio
1396 3905 1427 3960 S.
1446 3903 1538 3973 Plato,

283 3979 446 4047 monachus,
466 3977 510 4045 qui
530 3977 592 4032 ideo
611 3995 674 4030 cum
694 3975 838 4033 monachis
858 3975 918 4030 suis
938 3977 973 4030 ab
991 3978 1164 4046 Imperatore
1183 3977 1212 4030 in
1233 3993 1372 4032 carcerem
1391 3975 1540 4046 conjectus

283 4055 311 4107 et
329 4050 448 4106 afflictus
467 4048 524 4118 fuit,
544 4052 625 4120 prout
643 4049 727 4105 refert
744 4049 853 4105 Studita
871 4048 946 4118 apud
965 4049 1083 4103 eundem
1101 4049 1253 4105 Beroniurn
1271 4050 1323 4105 loc.
1342 4048 1386 4104 cit.
1407 4048 1449 4102 ed.
1471 4049 1538 4105 Luc.

283 4123 439 4180 tom.X111.

357 4195 378 4264 ²)
397 4195 505 4250 Etenim
525 4199 634 4265 praeter
654 4209 739 4265 supra
758 4194 830 4265 (pag.
840 4192 900 4248 291.
918 4193 947 4246 iu
961 4191 1038 4263 nota)
1056 4194 1208 4249 recensitas
1227 4211 1335 4261 causas,
1354 4192 1444 4247 adhuc
1463 4193 1541 4248 aliae

283 4283 389 4336 quoque
409 4270 594 4333 recensentur,
614 4270 709 4338 utpote
729 4265 758 4333 1)
777 4265 944 4335 lmpotentia
973 4265 1065 4320 mariti
1084 4266 1158 4322 intra
1175 4265 1390 4322 matrimonium.
1410 4265 1440 4332 2)
1470 4265 1540 4320 Am·

282 4341 383 4410 plexus
403 4339 477 4394 vitae
485 4338 656 4395 monasticae
665 4338 778 4394 alterius
791 4338 947 4408 conjugum.
955 4337 983 4408 3)
990 4337 1151 4409 captivitas,
1171 4338 1196 4392 si
1214 4355 1264 4409 per
1273 4335 1489 4407 quinquennium
1503 4337 1541 4392 de

283 4410 479 4481 captivapartc
498 4411 593 4465 resciri
613 4414 732 4479 nequeat
750 4426 786 4465 an
805 4409 890 4465 vivat.
911 4408 1078 4465 Causaehac
1095 4415 1273 4465 recensentur
1291 4410 1376 4465 etiarn
1394 4408 1424 4462 in
1443 4407 1541 4465 Photii

281 4483 480 4539 Nomocanone
500 4483 540 4537 tit.
560 4483 630 4538 Xlll.
657 4482 722 4554 Cap.
747 4481 790 4537 IV.
815 4482 849 4536 Et
867 4499 938 4551 quae
965 4481 994 4536 in
1022 4483 1133 4540 Pravila
1150 4485 1295 4538 occurrunt
1320 4482 1417 4548 adhuc,
1437 4487 1542 4550 prout:

282 4556 402 4612 Abortae
420 4557 586 4625 procuratio,
606 4571 771 4626 congressus
791 4571 853 4608 curn
870 4571 955 4610 uxore
975 4557 1072 4612 eontra
1083 4557 1218 4622 naturam,
1230 4552 1375 4609 defloratio
1394 4556 1423 4606 et
1441 4553 1536 4624 furor,

282 4633 361 4684 etcet.
381 4627 477 4697 Lepre,
498 4627 625 4684 obsessio
644 4627 796 4694 daemonis,
812 4625 918 4697 perfida
925 4627 1054 4695 desertio,
1074 4630 1101 4698 (e
1120 4626 1259 4682 sententia
1275 4624 1381 4698 Synodi
1392 4621 1538 4682 Constan-

281 4700 482 4771 tinopolitanae
501 4700 552 4754 sub
577 4699 739 4756 Patriarcha
762 4699 895 4754 Dositheo
922 4716 966 4754 an.
987 4699 1080 4761 1554.)

354 4772 374 4840 ³)
395 4770 470 4828 Cous.
491 4772 690 4842 Harmenopuli
710 4772 857 4843 Epitomen
876 4771 1034 4829 divinorum
1061 4769 1204 4830 Quonam
1223 4773 1252 4828 et
1269 4770 1368 4842 legum.
