3476 5366
887 351 950 418 138

812 449 1014 458 -—-—-·--—-——

295 570 849 662 consecrationem,Presbyteratui
860 595 938 641 vero
948 573 1052 640 solam
1061 570 1323 639 benedictionem
1332 572 1535 640 adscribunt.

293 658 532 748 Exceptionem
555 659 663 727 facere
686 661 821 730 videtur
833 661 904 729 sola
915 662 1030 729 unctio
1043 660 1230 741 chrismate,
1241 682 1342 747 quam
1354 660 1535 729 orientales

270 783 280 798 ·
294 747 490 836 Presbyteri
506 747 606 814 etiam
619 749 654 815 in
668 749 844 817 collatione
857 748 1062 818 Sacramenti
1076 748 1345 818 Confirmationis
1360 756 1535 843 peragunt,

246 905 248 910 ,
294 841 328 904 et
352 835 483 922 quidem
497 858 536 903 ex
550 837 788 905 consuetudine
810 838 1018 926 perantiqua,
1034 859 1100 906 non
1115 839 1226 903 tamen
1239 837 1311 902 sine
1327 837 1535 906 concessione

293 924 460 1027 Episcopi,
492 946 530 1009 ao
561 925 680 992 saltem
711 925 817 992 tacita
852 925 1062 1012 delegatione
1092 924 1308 1013 Apostolicae
1331 924 1438 1011 sedis;
1463 948 1535 994 cum

294 1019 395 1081 etiam
417 1012 597 1079 secundum
621 1012 820 1083 Graecorum
838 1014 1037 1081 sententiam
1050 1013 1255 1082 Sacramenti
1267 1012 1535 1082 Confirmationis

295 1100 484 1168 ordinarius
537 1101 694 1170 Minister
748 1101 838 1168 solus
883 1101 1067 1191 Episcopus
1123 1102 1197 1168 sit:
1244 1101 1337 1190 cujus
1391 1105 1537 1169 testimo·

293 1189 386 1256 nium
430 1188 542 1256 adfert
585 1189 695 1258 Codex
741 1190 910 1258 Canonum
956 1189 1102 1259 Graecus
1132 1188 1295 1269 Pidalion,
1319 1188 1409 1256 Nota
1433 1189 1462 1257 1.
1494 1191 1537 1256 ad

293 1277 459 1346 Cononem
481 1276 541 1345 VI.
567 1277 706 1345 Concilii
730 1278 1003 1364 Carthaginensis
1026 1278 1077 1344 his
1101 1277 1231 1345 verbis:
1261 1276 1415 1357 ,Gabriel
1460 1277 1536 1344 Phi·

292 1364 509 1454 ladelphenus
532 1365 567 1431 in
590 1365 676 1432 libro
700 1366 740 1434 de
762 1365 986 1436 Sacramentis
1010 1367 1100 1447 dicit,
1146 1365 1233 1455 quod
1278 1365 1379 1434 etiam
1423 1366 1535 1434 unctio

293 1453 482 1520 chrismatis
504 1453 539 1519 in
563 1452 776 1521 Sacramento
799 1454 1068 1522 Confirmationis
1092 1454 1133 1520 ad
1157 1453 1244 1520 solos
1267 1453 1449 1542 Episcopos
1465 1475 1533 1544 spe-

293 1547 367 1622 ctet,
392 1563 545 1608 concessa
568 1546 680 1609 tamen
702 1548 754 1610 est
777 1546 876 1610 etiam
899 1542 1122 1631 Presbyteris,
1145 1547 1184 1609 ut
1208 1563 1273 1607 non
1296 1546 1429 1609 maneat
1462 1541 1536 1631 quis

293 1652 333 1696 ex
354 1629 407 1710 iis,
431 1629 488 1713 qui
510 1629 675 1717 baptizati
709 1636 788 1698 sunt
833 1633 903 1698 sine
947 1631 1178 1718 obsignatione
1224 1629 1534 1719 (confirmatione.)“

293 1717 390 1802 Quod
412 1717 521 1806 ipsum
544 1717 736 1786 enunciavit
758 1723 792 1786 et
816 1719 838 1786 S
866 1719 971 1785 nodus
995 1719 1229 1787 Euthenorum
1263 1717 1430 1785 celebrata
1476 1717 1537 1784 Za·

292 1805 433 1872 mosoiac
455 1827 541 1872 anno
566 1805 672 1888 1720,
696 1807 732 1874 in
755 1829 819 1896 qua
839 1744 922 1874 haec
947 1806 1126 1894 leguntur:
1152 1806 1421 1888 „Sacramentum
1454 1805 1536 1874 Con-

291 1894 488 1962 firmationis
512 1917 530 1960 a
554 1894 696 1976 Christo
712 1895 852 1962 Domino
875 1895 1081 1976 institutum,
1106 1895 1192 1980 quod
1214 1893 1353 1961 Parochi
1370 1894 1406 1960 in
1431 1895 1536 1961 orien-

291 1981 352 2050 tali
375 1981 525 2048 Ecclesia
549 1982 816 2050 extraordinario
836 1983 922 2070 jure,
947 1989 980 2050 et
1004 1983 1159 2070 delegata
1182 1984 1223 2049 ab
1246 1983 1410 2073 Episcopo
1433 1981 1535 2049 facul·

291 2075 373 2150 tate,
397 2092 436 2137 ex
458 2069 660 2158 apostolicae
683 2071 771 2138 sedis
795 2071 1050 2159 dispensatione,
1075 2071 1192 2138 statim
1215 2078 1292 2159 post
1329 2069 1537 2158 Baptismum

292 2157 525 2225 administrare
548 2158 701 2225 solent.“'
715 2159 834 2228 Graeci
858 2163 968 2226 autem
992 2159 1179 2227 Maronitas
1202 2158 1236 2225 in
1260 2181 1319 2226 sua
1343 2158 1477 2248 Synodo
1499 2159 1535 2225 in

292 2250 404 2313 monte
425 2245 552 2312 Libano
577 2247 671 2313 1736.
697 2247 774 2335 Cap.
798 2247 828 2313 4.
854 2247 894 2313 de
917 2247 1129 2314 Sacramento
1164 2246 1433 2314 Confirmationis
1456 2246 1536 2314 Can.

291 2334 337 2400 Π.
361 2339 572 2401 statuerunt:
599 2334 707 2419 „Quia
730 2357 808 2402 vero
832 2335 956 2401 tamin
981 2340 1097 2403 nostra
1119 2357 1217 2424 quam
1229 2335 1265 2401 in
1281 2334 1419 2423 reliquis
1432 2335 1537 2402 orien-

291 2422 417 2489 talibus
440 2422 599 2490 Ecclesiis
622 2423 779 2512 antiquus
802 2445 872 2490 mos
895 2424 1096 2505 obtinuerat,
1120 2429 1160 2489 ut
1182 2423 1299 2490 statim
1321 2427 1398 2510 post
1420 2421 1534 2511 Bapti-

291 2533 398 2577 smum
420 2511 521 2578 ctiam
545 2511 791 2578 Sacramentum
816 2511 1085 2579 Confirmationis
1121 2511 1337 2591 conferretur,
1384 2510 1538 2599 quemad·

292 2598 422 2666 modum
446 2601 538 2667 etin
560 2599 739 2667 ritualibus
762 2600 962 2681 continetur,
986 2606 1021 2668 et
1044 2622 1064 2666 a
1087 2599 1232 2668 Concilio
1266 2598 1452 2666 Laodicena
1482 2598 1536 2665 his

290 2687 401 2755 verbis
423 2687 681 2776 praescribitur:
706 2687 803 2771 Quod
826 2695 959 2776 oportet
981 2710 1046 2772 eos,
1092 2689 1148 2774 qui
1182 2687 1416 2756 illuminantur
1460 2692 1538 2775 post

290 2776 498 2864 Baptismum
521 2776 603 2863 ungi
626 2775 863 2864 supercoelesti
903 2775 1081 2844 chrismate
1104 2782 1138 2843 at
1162 2798 1233 2844 esse
1267 2780 1359 2864 regni
1407 2774 1535 2842 Christi

289 2862 479 2952 participes.
502 2863 575 2930 Hac
598 2869 708 2931 tamen
732 2863 766 2929 in
790 2885 825 2930 re
848 2864 1047 2932 servandum
1070 2865 1290 2954 praecipimus
1321 2886 1359 2930 ac
1404 2861 1537 2930 manda·

290 2974 372 3034 mus,
396 2951 483 3039 quod
506 2951 629 3018 dudum
652 2973 672 3018 a
694 2951 995 3020 Reverendissimis
1017 2952 1167 3020 Dominis
1199 2951 1406 3019 Patriarohis
1428 2951 1539 3039 injun-

290 3046 380 3107 ctum
404 3045 465 3121 est,
489 3062 530 3106 ne
553 3039 719 3128 simplices
742 3039 937 3108 Sacerdotes
961 3040 1001 3107 de
1032 3047 1162 3108 caetero
1207 3043 1422 3130 praesumant
1475 3039 1538 3106 hoc

178 3131 182 3142 '
290 3128 538 3196 Sacramentum
561 3125 796 3199 administrare
819 3150 826 3213 ;
850 3129 908 3196 sed
931 3127 1013 3198 illud
1037 3129 1195 3219 Episcopi
1219 3130 1393 3196 dumtaxat
1428 3126 1537 3195 confe-

288 3222 398 3283 rant.“
421 3216 572 3284 Clemens
596 3221 707 3282 autem
731 3213 791 3284 VI.
815 3219 1007 3306 priusquam
1031 3218 1071 3283 ad
1096 3217 1294 3284 catholicam
1339 3217 1537 3283 communio·

290 3327 365 3372 nem
388 3305 550 3393 reciperet
563 3305 812 3374 Consolatorem
834 3307 1054 3372 Armenorum
1077 3305 1317 3387 Patriaroham,
1331 3304 1537 3372 certiorfieri

288 3392 405 3474 voluit,
429 3415 472 3459 an
495 3415 568 3460 cum
591 3391 741 3460 Ecclesia
764 3393 914 3460 Romana
937 3395 1087 3474 sentiret,
1134 3394 1236 3460 etiam
1281 3393 1386 3460 relate
1410 3392 1452 3459 ad
1476 3391 1536 3460 Sa·

289 3487 492 3549 crementum
514 3481 792 3562 Confirmationis,
806 3482 851 3548 ‘in
875 3482 1068 3570 apostolicis
1090 3481 1201 3548 literis
1224 3482 1267 3548 ad
1283 3480 1422 3548 eundem
1434 3481 1536 3563 datis,

288 3590 372 3657 quae
396 3569 560 3637 habentur
582 3569 670 3657 apud
692 3568 909 3656 Raynaldum
932 3570 974 3636 ad
997 3593 1119 3636 annum
1144 3568 1238 3636 1351.
1269 3569 1385 3638 Nrum.
1411 3569 1462 3639 12.
1486 3569 1536 3634 ni·

288 3657 430 3724 mirum:
454 3657 577 3741 Primo,
602 3659 642 3724 de
664 3656 920 3725 Consecratione
943 3658 1142 3738 chrismatis,
1166 3659 1196 3723 si
1219 3657 1328 3724 credis
1365 3657 1453 3746 quod
1475 3679 1537 3744 per

288 3745 416 3812 nullum
440 3743 659 3825 Sacerdotem,
685 3744 741 3828 qui
765 3769 829 3812 non
853 3753 904 3813 est
927 3747 1122 3834 Episcopus,
1155 3750 1268 3834 potest
1292 3745 1434 3814 chrisma
1456 3745 1533 3826 rite,

288 3839 323 3900 at
346 3834 458 3901 debite
481 3834 676 3902 consecrari.
701 3831 860 3914 Secundo,
875 3835 904 3901 si
927 3833 1044 3914 credis,
1069 3834 1156 3918 quod
1180 3833 1428 3904 Sacramentum
1452 3833 1536 3901 Con-

287 3921 486 3988 firmationis
509 3944 568 4010 per
591 3921 691 3988 alium
716 3941 812 4004 quam
835 3945 894 4010 per
916 3923 1119 4075 Episcopum
1142 3943 1206 3988 non
1229 3928 1344 4010 potest
1366 3943 1407 3988 ex
1422 3921 1535 3988 officio

288 4009 454 4076 ordinarie
477 4009 670 4076 ministrari.
695 4007 819 4094 Tertio,
844 4011 872 4076 si
896 4033 949 4076 cre
974 4012 1011 4091 is,
1035 4009 1122 4097 quod
1145 4010 1252 4077 solum
1275 4010 1534 4098 perEomenum

287 4097 483 4165 Pontificem
506 4096 749 4186 plenitudinem
772 4100 950 4186 potestatis
973 4099 1150 4164 habentem
1171 4098 1280 4186 possit
1325 4098 1530 4252 disppnsatio

287 4184 493 4253 Sacramenti
517 4185 786 4256 Confirmationis
809 4186 912 4252 Presb
941 4187 1031 4266 teris,
1063 4189 1205 4271 quinon
1252 4192 1332 4252 sunt
1406 4185 1535 4273 piscopi

288 4274 459 4341 committi.
485 4274 624 4358 Quarto,
648 4275 676 4339 si
700 4275 816 4356 credis,
840 4295 903 4362 quo
950 4273 1119 4340 chrismati
1143 4296 1202 4362 per
1224 4295 1436 4362 quoscunque
1474 4273 1531 4339 Sa·

288 4361 448 4444 candotes,
472 4362 529 4450 qui
551 4384 617 4427 non
641 4370 720 4432 sunt
742 4362 909 4451 Episcopi,
934 4384 1039 4446 neque
1062 4385 1082 4428 a
1105 4364 1253 4428 Romano
1276 4362 1440 4429 Pontifice
1482 4383 1535 4427 su-

286 4471 346 4538 per
368 4450 428 4517 hoc
451 4450 709 4518 commissionem
734 4473 792 4518 seu
815 4451 1055 4517 concessionem
1080 4450 1225 4538 aliquam
1248 4471 1320 4517 rece
1346 4454 1452 4530 erunt,
1474 4451 1533 4516 ite·

287 4561 359 4604 rum
382 4561 441 4625 per
463 4537 672 4627 Episcopum,
697 4540 751 4606 vel
774 4539 956 4627 Episcopus
980 4539 1048 4605 sint
1072 4538 1282 4606 chrismandi.
1319 4473 1400 4606 Cum
1424 4537 1533 4622 igitur

287 4625 428 4692 Romani
450 4625 629 4693 Pontifices
653 4630 807 4708 tolerent,
832 4629 895 4691 imo
918 4647 978 4714 per
1001 4627 1282 4693 confirmationem
1304 4627 1439 4694 Decreti
1471 4624 1534 4712 Sy-

287 4713 365 4781 nodi
386 4713 614 4782 Zamoscensis
638 4717 738 4782 etiam
763 4738 861 4802 porro
872 4715 1066 4782 admiserint
1080 4715 1349 4782 consuetudinem
1363 4713 1533 4781 Ecclesiae
