3468 5368
874 374 895 440 6

786 467 990 478 -.--..--·

258 593 493 662 ctificationem
528 594 746 682 operantibus
778 595 1040 682 perficerentur,
1075 601 1176 682 atque
1209 599 1346 661 externa
1381 607 1510 677 quoqne

258 683 473 750 observantia
495 683 607 768 legum
631 682 805 748 moralium
829 705 868 750 sc
903 682 1170 770 disciplinarium
1204 682 1242 750 in
1279 675 1512 748 consecutione

258 769 336 837 finis
359 769 615 838 consociationis
639 791 718 836 suae
741 770 992 857 adjuvarentur.
1016 769 1096 857 Ima,
1121 793 1194 837 cum
1218 768 1369 836 homines
1391 764 1466 831 ideo
1476 762 1511 829 in

258 858 452 926 societatem
476 859 672 934 coalescant,
697 864 736 922 ut
758 858 945 944 conjunctis
969 859 1097 926 viribus
1121 858 1227 946 major
1249 856 1325 923 finis
1348 851 1512 943 perfectio

260 945 463 1028 obtineatur,
487 969 584 1035 quam
608 945 735 1031 singuli
759 951 855 1012 extra
878 946 1072 1014 societatem
1096 943 1247 1012 obtinere
1270 948 1416 1033 possent,
1435 938 1511 1006 dum

259 1033 415 1103 Christus
439 1057 533 1101 suam
555 1034 749 1100 societatem
763 1033 957 1115 Ecclesiam,
972 1034 1151 1101 coadunari
1162 1031 1350 1111 constitnit,
1363 1030 1398 1096 id
1411 1028 1513 1095 etiam

261 1122 394 1189 consilii
418 1123 545 1202 habuit,
569 1127 609 1188 ut
632 1121 763 1188 actibus
786 1122 976 1203 socialibus,
1000 1127 1117 1189 mutua
1141 1120 1372 1188 aedificatione
1395 1122 1429 1183 et
1459 1137 1514 1181 au·

259 1210 352 1277 xiliis
375 1209 418 1276 ad
437 1209 534 1276 finem
558 1210 650 1276 vitae
673 1215 828 1277 aeternae
851 1210 1055 1299 adjuvantur
1078 1209 1203 1277 fideles.
1239 1207 1388 1275 Societas
1427 1202 1514 1270 enim

261 1298 333 1364 sine
357 1297 491 1364 actibus
515 1297 695 1365 socialibus
719 1298 848 1386 concipi
884 1299 1010 1387 nequit,
1035 1305 1130 1365 actus
1161 1319 1240 1364 vero
1276 1293 1414 1362 sociales
1449 1312 1515 1357 non

262 1385 409 1452 absoluti
445 1393 525 1451 sunt
564 1385 621 1452 sed
653 1387 872 1452 necessariam
905 1386 995 1453 inter
1023 1408 1058 1453 se
1092 1386 1217 1451 habent
1252 1382 1514 1459 correlationem,

262 1477 380 1540 mutua
403 1472 532 1540 auxilia
555 1478 591 1540 et
613 1473 736 1540 virium
760 1473 1025 1561 conjunctionem
1047 1473 1237 1542 involvunt.

264 1653 299 1748 ἓ.
328 1650 367 1732 8.
395 1651 535 1732 Datur
562 1650 661 1731 ideo
701 1651 747 1732 in
790 1650 986 1732 Ecclesia
1026 1644 1518 1732 Christiano-Catholicae

314 1777 508 1879 potestas
534 1775 821 1878 legislatoris,
855 1775 1109 1881 judiciaria,
1147 1779 1191 1857 ct
1217 1772 1465 1855 coercitiva.

360 1920 414 1990 Ex
436 1941 484 2001 ec,
508 1920 598 2010 quod
620 1920 775 1988 Ecclesia
798 1922 845 1989 sit
868 1924 1010 1989 societas
1044 1921 1189 1988 visibilis
1226 1926 1262 1987 et
1292 1924 1440 1998 externa,
1475 1916 1518 1982 ad

265 2009 502 2099 perfectionem
548 2008 761 2098 spiritualem
796 2010 965 2077 hominum
1001 2014 1102 2163 alippa
1137 2009 1228 2076 vitae
1266 2005 1519 2074 sanctimoniam

265 2119 363 2186 scopo
387 2097 636 2186 consequendae
660 2097 781 2164 salutis
804 2102 960 2164 aeternae
994 2119 1014 2162 a
1079 2119 1116 2164 ec
1150 2096 1321 2176 instituta,
1356 2093 1519 2182 sequitur,

267 2186 340 2252 dari
364 2186 399 2250 in
420 2184 572 2251 Ecclesia
596 2207 726 2252 sacrum
748 2184 930 2273 Imperium
955 2207 1014 2251 seu
1037 2185 1209 2272 Regimen,
1249 2183 1396 2271 adeoque
1429 2187 1520 2269 pote-

266 2279 389 2340 statem
414 2271 668 2359 legislatcriam,
694 2272 738 2337 ad
761 2273 914 2340 terendas
937 2273 1030 2358 leges
1054 2295 1151 2360 scopo
1188 2271 1359 2339 Ecclesiae
1394 2269 1521 2336 confor-

267 2382 357 2446 mes3
379 2360 603 2448 judiciariam,
628 2361 670 2426 ad
694 2359 854 2447 judicium
877 2361 1049 2428 ferendum
1073 2382 1172 2449 super
1195 2359 1383 2427 actionibus
1406 2363 1440 2424 ct
1456 2377 1522 2423 mom

266 2449 361 2516 ribus
384 2447 556 2515 Ecclesiae
579 2449 810 2529 membrorum,
836 2449 967 2516 dicente
991 2448 1144 2516 Christo:
1169 2448 1226 2529 „si
1263 2445 1451 2535 peccaverit
1486 2444 1522 2510 in

266 2544 302 2604 tc
325 2536 433 2603 frater
456 2542 545 2617 tuus,
570 2542 604 2602 et
628 2542 662 2602 te
687 2557 745 2602 nec
770 2559 880 2602 coram
904 2536 1034 2604 duobus
1058 2543 1118 2603 aut
1141 2538 1257 2604 tribus·
1273 2534 1419 2603 testibus
1454 2554 1522 2600 cor·

266 2624 445 2715 ripientem
468 2624 624 2704 audierit,
650 2623 703 2691 dic
727 2623 938 2710 Ecclesiae“;
963 2631 1063 2713 atque
1099 2623 1322 2704 coercitivam,
1358 2621 1401 2690 ad
1435 2621 1522 2688 cobi-

266 2712 391 2781 bendos
414 2717 448 2778 et
470 2711 656 2799 puniendos
680 2712 792 2799 legum
816 2713 1405 2799 ecclesiasticarumtransgressores,
1419 2709 1523 2777 conti-

269 2801 407 2867 nuative
431 2799 562 2867 dicente
586 2798 732 2881 Christo,
757 2801 786 2865 si
810 2806 921 2868 autem
945 2800 1132 2869 Ecclesiam
1154 2823 1220 2867 non
1243 2797 1523 2866 andierltsittibi

269 2888 358 2956 sicut
381 2888 535 2955 ethnicus
558 2891 593 2954 et
615 2887 824 2975 publicanus,
848 2911 908 2955 seu
931 2911 972 2956 ex
994 2888 1147 2955 Ecclesia
1185 2888 1322 2977 ejectus.
1358 2886 1390 2954 S.
1422 2886 1524 2952 etiam

248 2976 395 3072 ¹Paulus
420 2975 520 3063 hujus
542 2976 723 3062 potestatis
747 2975 946 3044 coercitione
970 2977 1123 3044 conscius
1145 2975 1278 3129 inspuit:
1303 2975 1342 3041 In
1367 2979 1524 3076 promptu

269 3064 432 3130 habentes
454 3063 570 3131 ulcisci
594 3064 1045 3152 omneminobedientiam1)‚
1069 3064 1178 3131 etalio
1206 3086 1284 3132 ccc:
1309 3061 1399 3146 Qurd
1418 3060 1524 3128 vultis

270 3152 445 3240 (minatur)
468 3151 503 3217 in
529 3153 625 3238 virga
647 3151 778 3218 veniam
809 3155 944 3234 advos,
978 3175 1022 3219 an
1056 3153 1091 3218 in
1120 3151 1245 3240 spiritu
1277 3149 1455 3218 charitatis
1490 3153 1525 3217 et

269 3238 573 3326 mansuetudinisll,
587 3241 667 3305 item
690 3240 733 3305 ad
757 3239 873 3308 Titum
896 3241 1026 3330 inquit:
1051 3241 1169 3327 Argue
1193 3263 1266 3307 cunr
1301 3237 1389 3306 omni
1425 3238 1525 3326 impe-

270 3328 363 3416 ri0³),
389 3333 425 3394 et
448 3326 530 3394 alibi
554 3327 623 3394 ait:
647 3327 728 3394 Ideo
752 3328 832 3396 baec
856 3329 975 3396 absens
997 3329 1115 3409 scribo,
1139 3335 1265 3394 utnon
1289 3349 1445 3415 praesens
1469 3327 1526 3391 du·

270 3417 342 3483 rius
365 3437 461 3500 agam
496 3415 677 3482 secundum
714 3422 917 3504 potestatem
949 3439 1047 3506 quam
1080 3416 1244 3483 Dominus
1277 3415 1372 3482 dedit
1405 3411 1524 3499 mihi4).

272 3503 493 3592 Conspicuum
518 3508 629 3569 autem
653 3506 825 3572 societatis
866 3512 1023 3573 externae
1061 3503 1243 3585 Ecclesiae,
1276 3511 1311 3570 et
1345 3501 1525 3591 potestatis

272 3591 457 3679 exemplum
482 3591 641 3658 exhibent
673 3593 784 3662 Actus
807 3593 1049 3682 Apostolorum
1071 3592 1151 3680 Cap.
1176 3591 1236 3659 IV.
1247 3615 1278 3659 v.
1304 3591 1356 3657 32.
1389 3588 1526 3671 „Multi-

273 3679 403 3747 tudinis
427 3679 633 3746 credentium
658 3685 732 3747 erat
755 3703 811 3749 cor
833 3704 936 3747 unum
960 3687 995 3747 et
1017 3680 1128 3747 anima
1150 3703 1238 3746 una:
1263 3701 1323 3746 nec
1350 3679 1524 3768 qnisquam

273 3790 397 3849 eorum,
422 3789 507 3855 quae
530 3768 732 3854 possidebat,
757 3769 885 3856 aliquid
902 3791 1013 3835 ‘suum
1033 3791 1104 3835 esse
1118 3769 1259 3849 dicebat,
1275 3766 1332 3834 sed
1345 3776 1443 3834 erant
1456 3765 1526 3831 illis

274 3854 384 3922 omnia
394 3856 589 3936 communia,
601 3879 630 3922 v.
643 3878 673 3922 v.
686 3856 738 3925 34.
750 3858 805 3922 35.
816 3857 933 3946 Neque
941 3857 1026 3922 enim
1036 3857 1210 3945 quisquam
1218 3877 1319 3942 egens
1342 3856 1416 3924 erait
1438 3853 1528 3920 inter

274 3942 361 4009 illos.
387 3943 563 4031 Quotquot
586 3943 673 4010 enim
696 3967 902 4032 possessores
926 3967 1092 4033 agrorum,
1116 3950 1176 4011 aut
1214 3944 1385 4011 domorum
1420 3945 1526 4020 erant,
1605 3976 1608 3984 ·

274 4030 458 4098 vendentes
482 4031 666 4098 afferebant
689 4034 800 4120 pretia
823 4055 945 4114 eorum,
970 4054 1054 4121 quae
1078 4033 1275 4113 vendebant,
1300 4037 1335 4098 et
1360 4030 1528 4119 ponebant

275 4124 356 4186 ante
379 4119 479 4206 pedes
502 4119 753 4207 Apostolorum.
766 4121 993 4189 Dividebatur
1008 4126 1119 4187 autem
1132 4121 1277 4207 singulis
1292 4125 1394 4208 prout
1410 4117 1527 4206 cuique

276 4229 360 4295 opus
384 4212 478 4274 erat“
503 4208 603 4292 (Ecce
626 4213 722 4275 actus
747 4210 907 4299 socialis.)
933 4208 1043 4293 Quum
1067 4215 1177 4276 autem
1191 4209 1283 4297 (Cap.
1308 4207 1363 4294 V.)
1376 4207 1528 4273 Ananias

276 4302 311 4362 et
334 4294 477 4383 Saphira
501 4296 715 4364 fraudassent
739 4297 779 4365 de
801 4299 912 4386 pretio
937 4297 1067 4364 venditi
1090 4296 1164 4385 agri
1189 4304 1223 4364 et
1245 4302 1373 4384 partem
1396 4300 1528 4360 tantum

351 4497 359 4527 ¹
391 4496 422 4550 ΙΙ.
443 4497 478 4550 ad
499 4495 600 4550 Corint.
622 4496 654 4549 X.
675 4513 701 4549 v.
732 4499 756 4549 tl.

352 4568 362 4597 ²
391 4569 410 4622 1.
432 4569 467 4622 ad
488 4566 547 4622 Cor.
567 4567 610 4623 IV.
632 4585 656 4622 V.
677 4567 720 4621 31.

353 4639 373 4783 l
391 4641 422 4765 l:
442 4638 674 4768 salsitas:
690 4638 732 4766 la,
746 4657 772 4694 V·
793 4639 835 4692 ²⁰·
