3420 5358
968 354 1034 422 270

897 449 1102 460 ...ω-..-

375 685 411 778 ξ.
442 619 535 764 115.
562 678 806 782 Disciplina
818 679 1038 761 Ecclesiae
1055 677 1293 760 Orientalis
1305 677 1423 760 circa
1438 675 1600 779 Impedi-

760 806 955 923 mentum
981 804 1237 886 Affinitatis.

472 973 510 1039 In
534 971 686 1039 Ecclesia
723 971 888 1038 Orientali
921 969 1026 1038 relate
1063 972 1106 1038 ad
1137 971 1410 1060 impedimentum
1442 967 1601 1037 affinitatis

400 1061 653 1149 raescriptiones
691 1059 775 1144 legis
813 1059 922 1126 civilis
945 1061 980 1126 in
1011 1083 1075 1126 usu
1098 1067 1186 1140 sunt,
1210 1082 1292 1147 quas
1315 1060 1482 1128 Blastaris
1504 1061 1534 1122 iu
1554 1077 1602 1122 suo

376 1086 599 1239 iyntagmare
612 1151 637 1233 ¹)
682 1146 730 1213 sic
775 1147 932 1236 exponit:
979 1147 1092 1215 Verba
1128 1148 1214 1234 legis
1245 1148 1385 1234 (civilis)
1420 1147 1497 1213 haec
1518 1153 1601 1210 sunt:

377 1237 498 1305 Socrua
535 1243 588 1302 est
621 1237 733 1301 uxoris
779 1257 869 1301 meae
915 1241 1029 1316 mater,
1055 1243 1090 1302 et
1122 1237 1208 1317 avia,
1234 1242 1268 1304 et
1291 1235 1440 1324 proavia,
1483 1253 1603 1322 quarum

378 1326 502 1392 nullam
525 1323 618 1390 duco.
643 1323 758 1389 Nurus
781 1328 881 1390 etiam
917 1323 1042 1390 dicitur
1075 1347 1161 1390 uxor
1186 1324 1249 1389 filii
1273 1331 1307 1390 et
1331 1326 1470 1413 nepotis,
1494 1331 1525 1388 et
1545 1341 1605 1408 pro·

378 1412 519 1504 nepotis.
543 1409 703 1497 Privigna
727 1433 856 1499 quoque
881 1411 1003 1477 dicitur
1026 1435 1067 1478 ex
1089 1412 1156 1478 alio
1173 1421 1254 1478 nata
1267 1413 1388 1478 marito
1406 1412 1515 1479 uxoris
1530 1428 1605 1474 meae

378 1502 459 1583 filia,
484 1501 662 1587 atneptis,
687 1506 721 1565 et
744 1499 926 1587 proneptis,
951 1521 1091 1588 quarum
1120 1500 1249 1567 nullam
1272 1499 1366 1566 duco.

474 1589 544 1655 Nec
567 1587 648 1653 item
672 1608 845 1654 novercam
870 1609 984 1669 meam,
998 1587 1078 1655 licet
1093 1587 1206 1676 plures
1221 1596 1319 1676 pater
1340 1611 1432 1655 meus
1462 1582 1606 1660 habuerit,

379 1679 533 1766 quoniam
556 1681 698 1740 matrum
720 1674 791 1741 loco
815 1682 902 1741 sunt.
927 1674 997 1743 Nec
1022 1699 1161 1742 noverca
1185 1679 1281 1743 nubit
1305 1676 1344 1756 ei,
1371 1677 1427 1761 qui
1451 1674 1603 1761 privignae

380 1787 469 1831 meae
493 1767 631 1829 maritus
655 1762 731 1829 fuit.
756 1762 826 1830 Nec
848 1763 951 1828 filiam
975 1764 1125 1831 mulieris
1148 1763 1241 1847 duco,
1256 1787 1340 1854 quae
1364 1788 1384 1830 a
1407 1785 1458 1830 me
1480 1757 1603 1830 divertit

258 1905 263 1917 .
379 1876 421 1920 ex
442 1852 509 1918 alio
532 1850 652 1917 marito
676 1856 753 1937 post
777 1850 957 1917 divortium
989 1858 1205 1938 procreatam.
1223 1873 1272 1902 ·-·

475 1938 597 2005 Tomus
622 1943 732 2004 autem
756 1937 873 2005 Sisinii
910 1939 1127 2008 Patriarcbae
1159 1941 1324 2028 prohibet,
1350 1961 1391 2006 ne
1414 1937 1479 2004 duo
1500 1936 1606 2002 fratres

379 2029 525 2108 amitam,
550 2032 585 2093 et
608 2025 755 2114 ejusdem
779 2026 896 2093 fratris
920 2027 1024 2093 filiam
1059 2028 1183 2094 ducant
1205 2052 1336 2108 uxores,
1361 2050 1400 2094 ac
1424 2030 1493 2092 vice
1516 2043 1607 2091 versa.

379 2116 558 2182 Praeterea
605 2115 715 2180 vetuit
740 2137 780 2182 ne
807 2115 873 2181 duo
897 2115 1004 2180 frates
1055 2116 1180 2184 ducant
1215 2118 1298 2184 duas
1334 2113 1543 2184 consobrinas
1564 2109 1607 2197 (eo

380 2203 486 2290 magis
510 2203 593 2268 duas
617 2204 769 2287 sorores).
793 2202 906 2290 Igitur
930 2203 973 2268 ad
1018 2205 1149 2272 uintum
1162 2228 1266 2294 usque
1284 2205 1423 2292 gradum
1437 2199 1609 2292 prohibitae

381 2300 460 2358 sunt
504 2292 546 2358 ob
569 2290 769 2357 affinitatem
817 2291 963 2378 nuptiae.
988 2227 1081 2374 {aaa
1113 2316 1192 2359 vero
1227 2293 1314 2360 sexti
1338 2291 1464 2380 gradus
1487 2291 1567 2363 sunt,
1587 2283 1610 2349 si

381 2379 473 2445 nulla
497 2379 702 2445 interveniat
725 2378 872 2445 confusio
907 2380 994 2446 circa
1027 2381 1159 2466 generis
1195 2382 1440 2470 appellationes
1462 2396 1608 2462 non-pro·

381 2468 547 2533 hibentur.
593 2467 653 2534 Sin
676 2473 825 2553 emergat
848 2467 960 2554 aliqua
983 2469 1132 2536 confusio
1170 2477 1338 2537 vetantur.
1375 2467 1443 2535 'Sic
1465 2465 1535 2532 fieri
1557 2482 1610 2527 non

381 2561 495 2646 potest
517 2561 556 2621 ut
580 2555 644 2621 duo
667 2555 816 2641 germani
840 2556 964 2620 fratres
989 2556 1117 2624 duabus
1130 2557 1337 2626 consobrinis
1361 2556 1561 2645 copulentur,
1584 2555 1611 2614 et

383 2647 453 2710 vice
475 2665 582 2724 versa,
607 2643 641 2708 in
665 2643 773 2729 gradu
797 2651 900 2708 sexto.
924 2643 1030 2710 Fiunt
1065 2646 1150 2712 enim
1175 2646 1247 2713 loco
1271 2646 1416 2712 fratrum
1440 2637 1613 2726 congeneri,

382 2732 436 2799 vel
471 2731 637 2812 coaffines,
662 2738 697 2797 et
719 2732 780 2798 hoc
803 2733 898 2797 modo
937 2733 1069 2798 nomina
1114 2736 1322 2821 cognationis
1368 2730 1612 2800 confunduntur.

382 2820 446 2887 Ait
468 2827 579 2885 autem
602 2819 747 2905 Magnus
768 2819 937 2885 Basilius:
984 2820 1041 2900 ,In
1075 2823 1195 2910 quibus
1227 2822 1358 2908 generis
1383 2817 1611 2910 appellationes

383 2907 641 2988 confunduntur,
665 2909 699 2972 in
723 2905 776 2972 his
798 2906 939 2974 illicitae
962 2914 1042 2974 sunt
1065 2911 1230 2998 nuptiae‘
1257 2911 1310 2977 Ex
1335 2911 1399 2977 hac
1422 2929 1529 2983 causa,
1552 2923 1613 2971 cum

382 3001 525 3084 patruus
545 2994 614 3080 jam
637 3000 736 3060 antea
759 2994 877 3061 fratris
902 2994 1002 3062 habet
1025 2996 1138 3079 filiam,
1154 2999 1315 3066 fratrisve
1331 2998 1508 3065 filiuscum
1524 2992 1614 3058 amita

383 3084 470 3150 coire
493 3082 571 3149 vult
599 3083 633 3147 in
669 3082 924 3164 matrimonium,
974 3086 1175 3172 posteriores
1219 3087 1359 3176 nuptiae
1397 3085 1612 3174 prohibentur.

384 3171 515 3260 Quippe
538 3171 631 3238 velut
654 3171 726 3258 ipso
747 3171 822 3258 jure
845 3178 986 3259 patruus
1009 3173 1050 3239 fit
1072 3174 1189 3240 fratris
1213 3174 1314 3256 filius,
1339 3179 1374 3242 et
1398 3172 1514 3240 fratris
1535 3169 1612 3234 filius

383 3259 425 3326 fit
448 3266 599 3347 patruus.
624 3257 695 3328 Nec
716 3261 912 3347 prohibetur
934 3268 1045 3327 autern
1066 3270 1106 3328 ut
1131 3283 1223 3344 avua,
1252 3270 1286 3329 et
1309 3285 1411 3351 napos
1435 3259 1615 3349 copulentur

384 3371 456 3416 cum
487 3347 590 3414 amita
620 3369 747 3434 magna,
783 3357 818 3415 et
849 3348 994 3436 ejusdem
1031 3371 1072 3416 ex
1105 3351 1211 3416 fratre
1243 3357 1354 3438 nepte,
1381 3349 1459 3416 licet
1480 3353 1512 3415 in
1534 3348 1615 3411 sexto

383 3434 500 3523 gradu,
524 3435 602 3524 quia
625 3436 850 3508 confusionem
872 3437 1005 3522 generis
1028 3461 1092 3504 non
1128 3437 1267 3504 inducit.
1314 3437 1410 3506 Sicut
1431 3437 1529 3504 etiam
1550 3451 1612 3498 cum

384 3531 525 3678 {fimus
567 3529 602 3590 et
633 3524 751 3591 fratris
788 3523 861 3611 ejus
892 3524 983 3592 filius
1017 3527 1154 3594 amitam
1195 3527 1332 3607 ducunt,
1357 3533 1393 3594 et
1417 3525 1489 3613 ejus
1511 3517 1615 3590 fratris

422 3635 498 3680 ram.

481 3700 534 3766 Ex
555 3698 668 3768 eodem
703 3707 813 3768 autem
858 3700 1023 3789 principio
1057 3700 1206 3768 evitandi
1238 3701 1466 3770 confusionem
1499 3691 1615 3786 generis

385 3791 484 3856 etiam
509 3791 669 3876 septimus
691 3789 816 3875 gradus
848 3789 1061 3877 prohibetur3
1094 3789 1142 3856 sio
1173 3789 1245 3856 fieri
1276 3791 1394 3880 nequit
1417 3795 1456 3856 ut
1479 3788 1563 3854 filius
1582 3785 1611 3846 et

386 3881 482 3967 pater
504 3875 633 3944 duabus
656 3876 800 3944 sobrinis
823 3877 1024 3966 copulenur;
1069 3877 1178 3965 patris
1200 3880 1287 3944 enim
1310 3889 1344 3945 et
1368 3878 1432 3945 filii
1456 3877 1525 3943 loco
1547 3871 1619 3939 fiunt

387 3967 561 4052 congeneri
584 3965 637 4031 vel
662 3964 836 4032 coadfines.
881 3965 933 4032 Ex
973 3966 1085 4032 eadem
1117 3969 1246 4034 ratione
1269 3989 1352 4034 avus
1375 3974 1411 4034 et
1433 3977 1620 4056 pronepcsa

386 4053 596 4119 matrimonio
625 4052 765 4120 duarum
800 4054 1069 4120 consobrinarum
1103 4063 1268 4137 arcentur,
1304 4078 1346 4122 ne
1381 4050 1555 4140 congeneri
1574 4041 1620 4112 vel

386 4139 544 4208 coaffines
578 4138 773 4210 habeantur.
812 4141 960 4208 Patruus
991 4149 1103 4209 autem
1135 4150 1170 4209 et
1201 4143 1319 4210 fratris
1342 4143 1414 4233 ejus
1438 4141 1527 4209 filius
1549 4135 1620 4202 duas

387 4229 601 4298 consobrinas
623 4228 657 4296 in
681 4231 822 4318 septimo
852 4229 960 4317 gradu
984 4229 1069 4296 citra
1106 4230 1363 4319 prohibitionem
1402 4232 1535 4298 ducunt.
1557 4221 1620 4290 Non

386 4323 634 4406 potestantem
656 4341 743 4386 unus
766 4318 918 4404 idemque
951 4318 1033 4384 duas
1064 4320 1216 4387 sobrinus
1239 4342 1280 4386 ex
1305 4319 1434 4388 duobus
1456 4313 1621 4407 generibus

387 4427 507 4473 uxores
530 4407 716 4474 successiva
739 4407 873 4474 habere.
1248 4431 1254 4442 ·

482 4493 584 4584 Apud
607 4495 752 4564 Graecos
776 4496 907 4563 obtinet
929 4495 1029 4562 etiam
1064 4495 1216 4564 affinitas
1251 4519 1291 4563 ex
1314 4498 1423 4565 tribus
1445 4490 1621 4584 generibus,

387 4655 593 4668 ...n-·——u-

464 4716 482 4789 ¹)
502 4717 553 4774 Lit.
573 4718 603 4773 B.
624 4717 697 4789 apud
715 4717 847 4788 Bavareg.
874 4733 935 4788 pag.
954 4713 1029 4772 lla.
