3420 5358
310 576 416 640 sancti
429 583 456 660 ;‘
482 596 567 663 quae
589 576 689 644 verba
724 573 988 662 pronunciantur
1016 573 1058 638 ab
1082 594 1119 638 eo
1142 573 1198 660 qui
1221 571 1471 640 Sacramentum
1495 573 1550 640 mi·

309 661 442 743 nistret,
466 661 543 728 dum
567 684 640 730 cum
664 685 757 729 sacro
780 667 952 748 unguento
975 660 1082 727 erucis
1106 662 1238 746 signum
1262 659 1436 748 imprimit.

362 843 396 937 ξ.
426 841 491 924 66.
520 841 584 922 De
611 839 810 922 Ministro
844 839 1106 922 sacramenti
1145 837 1499 922 Corfirmationis.

404 987 522 1070 Quoad
566 985 760 1052 Ministrum
806 987 1005 1052 sacramenti
1038 983 1308 1051 Confirmationis
1343 986 1376 1050 iu
1400 986 1501 1052 Parte
1521 987 1549 1053 Ι.

307 1074 406 1162 hujus
430 1075 547 1164 Operis
572 1075 834 1141 demonstratum
866 1080 927 1154 est,
951 1072 1122 1139 Ecclesiae
1158 1074 1254 1136 etiam
1285 1071 1468 1140 Orientalis
1490 1075 1549 1141 Do·

308 1167 415 1229 ctores
439 1174 473 1230 et
496 1163 646 1230 Oenones
689 1160 881 1228 Ministrum
927 1160 1133 1228 Sacramenti
1167 1159 1438 1228 Confirmationis
1470 1161 1549 1228 ordi·

306 1253 434 1316 narium
464 1250 669 1339 Episcopum,
694 1256 729 1316 et
752 1247 859 1314 solum
883 1272 922 1316 ex
946 1249 1018 1334 ejus
1042 1247 1252 1334 delegatione
1274 1269 1340 1313 non
1362 1250 1549 1317 sinetamen

305 1337 521 1427 Apostolicae
556 1337 651 1405 Sedis
683 1338 893 1404 conniventia
929 1359 966 1404 ac
990 1337 1095 1403 tacita
1142 1333 1348 1422 delegatione
1364 1341 1388 1422 1)
1411 1338 1548 1426 Presby-

305 1432 414 1493 terum
438 1426 499 1493 hoc
521 1425 770 1493 Sacramentum
795 1425 945 1494 conferre
990 1448 1063 1492 eum
1107 1423 1296 1491 Chrismate
1325 1434 1366 1491 ab
1389 1425 1548 1516 Episcopo

306 1519 507 1585 consecrato.

304 1694 339 1788 ξ.
368 1691 435 1771 67.
463 1691 597 1771 Error
623 1692 939 1774 Photianorum
968 1691 1232 1789 Graecorum
1257 1657 1402 1794 quoad
1428 1695 1548 1777 itera-

651 1794 813 1878 tionem
847 1795 1206 1878 confirmationis.

398 1941 761 2028 Constantinopolitani
785 1941 905 2008 Graeci
940 1947 1182 2028 recognoscunt
1215 1941 1348 2030 quidem
1373 1944 1547 2011 Confirma-

303 2026 404 2094 tionis
428 2029 678 2111 Sacramentum
703 2031 831 2096 animae
855 2029 998 2094 hominis
1021 2030 1247 2097 characterem
1269 2030 1468 2119 imprimere,
1489 2031 1547 2096 hoc

302 2139 366 2181 non
392 2118 546 2184 obstante
569 2122 681 2182 tamen
717 2116 803 2182 illud
834 2117 952 2182 iterari
986 2140 1082 2206 posse
1116 2118 1305 2184 adstruunt.
1351 2119 1466 2208 thue
1487 2117 1547 2184 sibi

301 2205 384 2292 ipsis
407 2227 471 2270 non
495 2205 719 2272 contradicere
765 2203 944 2271 videantur
978 2209 1113 2274 dicunt:
1149 2207 1315 2293 Baptismi
1350 2213 1385 2274 et
1418 2206 1547 2273 Ordinis

301 2293 551 2359 Sacramentum
574 2315 639 2358 non
663 2300 839 2382 propterea
886 2297 1000 2358 iterari
1036 2316 1101 2358 non
1125 2317 1231 2382 posse,
1256 2295 1335 2384 quia
1357 2297 1546 2383 imprimunt

301 2381 527 2462 characterem
549 2380 770 2462 indelebilem,
797 2381 1031 2469 sedquoniam
1056 2382 1137 2448 haec
1161 2381 1375 2449 Sacramenta
1421 2405 1544 2471 reprae-

202 2482 204 2485 ’
301 2473 436 2534 sentent
460 2475 597 2535 mortem
620 2470 755 2535 Domini
793 2492 877 2556 quae
909 2492 975 2534 non
1011 2471 1165 2551 iteratur,
1201 2470 1373 2550 ,Christus
1397 2481 1544 2538 mortuus

297 2578 365 2641 Jam
391 2579 456 2622 non
480 2558 623 2623 moritur
645 2558 817 2645 amplius<<
846 2557 1020 2644 Qucsuper
1065 2558 1175 2624 Codex
1198 2558 1367 2625 Canonum
1390 2560 1543 2640 Graecus,

298 2645 334 2708 in
357 2643 448 2711 Nota
471 2647 513 2709 ad
537 2645 704 2712 Canonem
725 2645 851 2712 LXIX.
877 2644 933 2712 SS.
960 2645 1198 2732 Apostolorum
1222 2648 1395 2734 sequentia
1419 2649 1541 2713 tradit:

391 2733 552 2820 ,Propter
575 2754 673 2822 quam
697 2757 828 2801 eausam
861 2756 878 2799 e
912 2742 1040 2821 septem
1070 2733 1293 2800 Sacramentis
1316 2735 1424 2800 solum
1463 2737 1543 2823 Bap-

297 2819 428 2898 tismus,
454 2833 487 2886 et
512 2822 601 2888 Ordo
625 2844 691 2887 non
714 2821 883 2890 iteratur?
929 2821 1161 2910 Responsum:
1208 2822 1399 2889 scholastici
1424 2823 1542 2902 dicunt,

298 2907 376 3058 [plaia
399 2908 479 2975 haec
503 2909 717 2977 Sacramenta
740 2912 936 2998 imprimunt
971 2909 1195 2978 characterem
1219 2908 1442 2977 indelebilem.
1481 2911 1543 2994 Qui

297 3017 314 3059 c
339 3003 471 3063 aracter
493 2997 670 3064 secundum
696 2997 810 3087 illos2)
835 2999 952 3065 existit
976 2999 1011 3062 in
1034 2999 1154 3078 anima,
1179 3003 1213 3063 et
1237 2997 1289 3064 vis
1313 3006 1542 3087 supernatura·

296 3082 346 3147 lis.
393 3083 489 3151 Hanc
533 3089 732 3152 sententiam
777 3093 963 3173 sequuntur
1002 3109 1113 3153 omnes
1146 3087 1216 3152 fere
1241 3085 1404 3173 Theologi
1429 3088 1541 3168 nostri,

295 3171 457 3257 imprimis
480 3174 643 3241 Ceresius
690 3175 771 3240 Mihi
807 3181 919 3241 tamen
955 3177 1097 3255 videtur,
1146 3173 1234 3262 quod
1258 3173 1319 3238 illa
1342 3174 1407 3242 duo
1433 3176 1542 3242 Sacra·

295 3270 406 3324 menta
429 3262 620 3348 Baptismus
644 3268 677 3329 et
701 3263 789 3330 Ordo
822 3265 896 3329 ideo
931 3265 1037 3330 solum
1060 3263 1179 3328 iterari
1210 3283 1274 3326 non
1299 3265 1440 3349 possint,
1464 3264 1539 3352 quia

294 3347 381 3412 fiunt
402 3350 436 3412 in
460 3355 579 3439 typum
604 3353 720 3418 mortis
764 3351 909 3432 Domini,
956 3374 1039 3440 quae
1073 3373 1138 3414 non
1163 3351 1315 3415 iteratur,
1363 3351 1429 3434 Qui
1454 3353 1536 3418 enim

293 3435 516 3522 baptizantur,
541 3439 578 3505 in
601 3449 738 3505 mortem
782 3442 916 3506 Domini
952 3440 1168 3527 baptizantur
1191 3437 1369 3504 secundum
1393 3440 1540 3519 Paulum,

293 3530 327 3589 et
350 3523 514 3592 Canonem
537 3527 581 3592 47
605 3528 862 3615 Apostolorum,
886 3529 1081 3613 Presbyteri
1120 3532 1231 3591 autem
1260 3526 1403 3614 depositi
1427 3553 1446 3595 e
1468 3530 1541 3595 Pre-

205 3657 206 3660 ,
292 3611 479 3698 sbyteratu,
503 3625 680 3703 propterea
702 3617 856 3683 restituti
879 3640 938 3682 suo
962 3616 1091 3682 muneri
1115 3615 1435 3696 nonreordinantur,
1461 3620 1537 3706 quia

290 3711 543 3788 repraesentant
567 3727 722 3790 magnum
746 3712 781 3770 et
805 3706 948 3792 primum
993 3703 1214 3781 Sacerdotem,
1247 3703 1302 3790 qui
1326 3703 1471 3772 intravit
1494 3727 1538 3771 se·

291 3789 355 3854 mel
377 3791 409 3854 in
435 3790 558 3858 Sancta
581 3793 777 3860 Sanctorum
803 3800 938 3860 aeterna
961 3791 1189 3879 redemptione
1198 3791 1344 3871 inventa,
1370 3802 1404 3858 et
1428 3799 1537 3858 manet

289 3878 325 3941 in
349 3885 531 3961 aeternum,
555 3880 680 3947 habens
704 3881 931 3948 Sacerdotium
965 3887 1171 3969 perpetuum.
1194 3878 1351 3966 Haecque
1374 3888 1435 3961 est,
1461 3881 1541 3949 dicit

288 3965 442 4034 Pidalion
468 3991 576 4050 causa,
623 3970 710 4058 quod
735 3969 877 4036 secundo
914 3992 977 4035 non
1002 3969 1175 4034 ordinetur
1221 3965 1391 4050 Sacerdos,
1415 3970 1539 4038 habens

287 4061 485 4142 perpetuum
498 4058 727 4125 Sacerdotium
750 4059 785 4123 in
809 4058 952 4126 Christo.
969 4056 1090 4124 Altera
1113 4077 1223 4135 eausa,
1247 4056 1403 4143 quoniam
1427 4057 1536 4126 Sacer·

288 4139 347 4206 dos
369 4165 429 4228 pro
454 4167 492 4211 eo
516 4148 745 4229 constituitur,
770 4154 810 4214 ut
834 4147 954 4214 offerat
999 4145 1198 4212 sacrificium
1234 4144 1455 4229 incruentum,
1481 4168 1538 4236 per

287 4228 374 4312 quod
398 4231 593 4318 designatur
638 4259 725 4302 mors
771 4236 897 4304 Christi
934 4255 1009 4300 una.
1045 4234 1080 4300 Si
1113 4254 1253 4318 nemque
1277 4253 1316 4297 ea
1339 4241 1428 4300 esset
1450 4237 1538 4302 ratio

287 4316 457 4386 sufficiens
491 4345 557 4389 non
593 4324 786 4392 iterationis
828 4325 950 4390 horum·
992 4322 1291 4398 Sacramentorum,
1327 4324 1404 4408 quia
1427 4324 1536 4412 impri-

286 4411 382 4470 munt
405 4407 628 4496 characterem
651 4435 711 4503 per
745 4412 969 4479 Scholasticos
1000 4411 1195 4496 inventum
1228 4418 1331 4496 quare
1353 4432 1432 4497 ergo
1455 4411 1536 4481 Con·

297 4655 301 4666 Ι
361 4582 379 4654 ¹)
397 4583 565 4710 (Consulatur
584 4589 719 4644 Arcadius
738 4588 796 4644 Lib.
816 4591 841 4644 2.
862 4589 985 4644 confirm.
1017 4586 1044 4643 C.
1073 4586 1115 4643 15.
1142 4583 1308 4640 Benedictus
1327 4585 1396 4646 XIV.
1416 4589 1451 4644 de
1473 4589 1536 4661 Syn.

283 4655 330 4710 hb·
350 4657 379 4795 7²)
399 4656 572 4784 llidbxllicol.
592 4731 727 4801 Bulgarus
746 4733 829 4786 Parte
849 4734 874 4789 t.
904 4733 1034 4804 Theolog.
1057 4733 1087 4788 in
1106 4731 1290 4790 catechismo.
