3426 5368
774 367 972 470 Q

247 587 398 677 ,qnidem
420 605 460 651 ex
483 582 595 685 aliquo
618 587 820 672 oontemptu,
845 583 903 650 aad
926 589 1067 651 naturae
1090 582 1281 670 fragilitate
1321 582 1415 650 duoti
1437 583 1484 671 pi-

246 675 374 758 ,scibus
397 670 514 738 diebus
534 670 654 758 Jejunii
678 675 838 758 utantur:
862 671 925 738 hoc
948 691 1089 759 namque
1112 673 1311 754 argumento
1357 669 1490 755 siquid

248 760 351 844 ,illud
374 757 503 826 valeret
524 757 687 846 imprimis
710 759 896 825 omnimoda
919 759 1132 826 induceretur
1153 757 1297 825 Rituum
1320 757 1491 842 confusi03

248 848 386 931 ,deinde
408 846 437 913 ei
460 845 552 912 illiue
576 849 662 912 ratio
685 846 874 927 haberetur,
898 846 984 913 illud
1009 847 1110 914 etiam
1138 852 1406 931 consequeretur,
1453 854 1492 911 ut

248 936 380 1019 ,Latini
401 934 616 1020 inspicientes
638 933 785 1003 Graecos
807 934 1033 1022 peculiaribus
1056 935 1171 1002 vivere
1193 933 1364 1000 institutis
1408 953 1493 1022 quae

248 1023 398 1107 ,Latinis
421 1021 554 1088 minime
576 1023 828 1110 permittuntur,
852 1023 917 1088 imo
929 1024 1135 1103 inhibentur,
1149 1024 1264 1110 (prout
1276 1021 1492 1110 Coniugium)

247 1111 546 1202 ,dispensationem
568 1115 682 1196 petere
704 1119 850 1199 possent,
874 1117 914 1177 ut
936 1110 1001 1178 sibi
1024 1109 1143 1178 liceret
1166 1133 1205 1176 ea
1227 1111 1346 1190 faeere,
1370 1131 1491 1194 quaes

247 1201 404 1284 ,Graecis
426 1197 498 1263 fieri
520 1198 705 1278 intuentur,
729 1198 925 1284 profitentes
948 1221 984 1266 se
1018 1197 1162 1284 latinum
1206 1199 1339 1286 quidem
1386 1197 1492 1264 ritum

248 1289 442 1378 ,suscipere
466 1285 524 1351 sed
547 1285 588 1352 ob
611 1291 753 1354 naturae
775 1286 999 1372 fragilitatem
1023 1309 1096 1354 eum
1121 1286 1251 1352 diutius
1266 1307 1403 1353 servare
1426 1308 1492 1351 non

248 1400 373 1466 ,posse

546 1553 581 1646 ἓ.
613 1547 707 1631 149.
734 1551 797 1632 De
837 1551 963 1632 Locis
990 1552 1185 1633 sacratis.

339 1693 481 1762 Nomine
504 1695 648 1762 locorum
672 1705 891 1778 sacratorum,
915 1699 969 1764 vel
992 1720 1162 1764 sacrorum
1184 1698 1326 1765 veniunt
1350 1695 1496 1784 locapu·

244 1780 330 1848 blico
354 1782 460 1850 cultui
484 1780 597 1850 divino
622 1784 801 1866 destinata,
825 1787 875 1851 uti
899 1785 1080 1867 Ecclesiae,
1105 1785 1262 1876 capellae,
1298 1785 1379 1853 item
1418 1783 1494 1852 loca

244 1891 303 1958 pro
327 1893 426 1959 scopo
448 1871 605 1960 religioso
628 1873 813 1954 benedicta,
837 1873 889 1940 uti
913 1875 1121 1956 coemeteria,
1166 1873 1201 1942 in
1233 1874 1353 1962 quibus
1399 1871 1496 1938 Chri·

244 1959 347 2026 stiani
370 1961 439 2028 ritu
462 1982 555 2027 sacro
579 1959 805 2050 inhumantur.

412 2140 460 2233 §a
480 2088 573 2220 1⁸50.
601 2139 666 2220 De
694 2139 991 2222 exstructione
1018 2135 1323 2222 Ecclesiarum.

341 2283 564 2350 Ecclesiarum
588 2289 772 2352 exstructio
797 2285 892 2352 licita
915 2293 967 2351 est
992 2285 1025 2370 1)
1047 2284 1180 2351 nonnisi
1203 2307 1243 2351 ex
1262 2284 1356 2372 justa
1379 2305 1494 2363 cauea,

244 2371 287 2437 ad
309 2371 565 2460 promovendam
588 2373 758 2460 pietatem,
784 2380 818 2440 et
842 2373 883 2439 ob
905 2395 1041 2460 gravem
1065 2373 1229 2440 rationem
1252 2372 1360 2456 qualis
1383 2370 1497 2438 aetdi-

244 2463 373 2528 stantia
396 2460 538 2526 aliarum
562 2461 772 2528 eeclesiarum
795 2465 831 2527 et
853 2461 967 2549 populi
990 2460 1189 2550 frequentia.
1214 2459 1250 2552 2)
1275 2459 1357 2528 (ium
1380 2463 1496 2526 aucto

243 2548 347 2615 ritate
369 2549 512 2636 legitimi
535 2550 716 2637 superioria
740 2572 798 2616 seu
821 2549 989 2638 Episcopi,
1013 2553 1068 2637 qui
1093 2571 1224 2616 causam
1257 2548 1497 2615 exstructionis

244 2647 432 2724 cognoscat,
457 2658 512 2703 eoa
536 2637 577 2703 de
601 2659 738 2725 quorum
763 2637 964 2726 praejudicio
988 2638 1102 2724 agitur
1126 2637 1270 2728 audiat1)
1293 2642 1383 2702 acan
1401 2636 1496 2702 loeus

245 2747 412 2812 congruus
435 2728 480 2790 sit
503 2726 669 2807 decernat,
694 2726 820 2816 fiatque
842 2725 942 2793 etiam
967 2747 1041 2792 cum
1064 2727 1152 2792 scitu
1175 2725 1286 2792 civilis
1309 2723 1495 2812 potestatis

245 2821 279 2878 et
302 2815 445 2879 servatis
467 2812 508 2880 de
532 2814 605 2902 lege
628 2817 811 2896 servandis,
836 2814 975 2897 denique
999 2813 1033 2899 3)
1072 2821 1265 2880 assecurata
1310 2811 1497 2879 sufficienti

245 2901 322 2967 dote
345 2908 505 2988 perpetua
528 2903 571 2967 ad
594 2901 731 2968 alendos
755 2901 903 2982 clericos,
927 2901 969 2967 ad
993 2909 1085 2968 sarta
1119 2909 1211 2968 tecta
1256 2899 1497 2981 conservanda,

245 2987 288 3053 ad
310 2988 481 3054 ecclesiam
505 2988 660 3057 decenter
683 2990 865 3056 ornandam
889 2997 923 3055 et
946 2989 1195 3056 instruendam
1234 2989 1397 3072 Quocirca
1432 2987 1499 3054 Ec-

245 3075 378 3141 clesiam
402 3074 479 3142 dote
503 3076 700 3148 destitutam
725 3099 917 3145 consecrare
940 3078 1500 3164 canonesvetantffluxstruuntur

244 3170 356 3265 autem
378 3164 535 3233 eeclesiae
558 3189 631 3233 cum
655 3166 757 3233 altari
781 3188 898 3235 versus
922 3167 1092 3247 orientem,
1116 3167 1310 3254 plerumque
1329 3165 1364 3231 in
1387 3163 1499 3230 forma

245 3273 361 3318 crucis.

592 3433 626 3527 ἓ.
659 3431 752 3512 151.
780 3433 843 3513 De
871 3430 1154 3514 coemeteriis.

340 3581 396 3646 Ad
418 3580 492 3646 loca
513 3587 645 3646 saerata
668 3585 822 3669 spectant
845 3580 947 3647 etiam
971 3584 1166 3647 coemeteria
1189 3601 1250 3667 per
1290 3578 1499 3647 benedictio·

245 3691 318 3736 nem
342 3669 384 3734 ad
405 3667 613 3755 sepeliendos
634 3668 669 3733 in
693 3670 736 3734 iis
759 3667 917 3736 ecclesiae
939 3669 1057 3736 fideles
1080 3667 1202 3734 dicata.
1248 3666 1495 3735 Goemeterium

245 3765 357 3826 autem
378 3778 497 3844 graece
520 3755 689 3842 significat
711 3756 798 3822 idem
822 3779 860 3823 ao
883 3757 989 3823 latine
1012 3756 1251 3835 dormitorium,
1285 3777 1323 3822 eo
1345 3757 1425 3844 quia
1448 3756 1498 3824 ibi

244 3847 458 3935 requiescunt
480 3866 616 3932 corpora
661 3843 948 3925 christifidelium,
970 3845 1029 3934 qui
1051 3844 1182 3910 ratione
1204 3843 1279 3910 fidei
1302 3843 1499 3912 infallibilis

245 3934 393 4001 finaliter
414 3931 620 4018 resurgendi,
645 3955 710 3998 non
733 3939 802 3998 tam
826 3934 951 3999 mortui
968 3933 1016 3999 ibi
1037 3932 1158 4020 jacere,
1204 3953 1302 4019 quem
1349 3931 1498 3998 dormire

246 4020 411 4105 dicuntur,
437 4021 601 4111 (Lazarus
624 4020 749 4086 amicus
773 4028 888 4088 noster
912 4020 1044 4101 dormit,
1070 4020 1128 4088 aed
1150 4019 1237 4086 vado
1265 4029 1306 4086 ut
1349 4020 1495 4087 excitem

246 4131 330 4177 eum.
355 4109 453 4177 Joan.
479 4109 529 4176 11.
554 4133 585 4175 v.
600 4108 666 4193 11.)
688 4107 777 4175 Hinc
800 4107 832 4176 S.
857 4109 1083 4196 Hieronymus
1107 4108 1238 4195 inquit:
1263 4129 1318 4173 eos
1333 4106 1499 4174 dormien-

245 4202 298 4264 tes
320 4198 492 4286 appelleri,
516 4198 594 4286 quia
618 4203 745 4266 certum
768 4203 821 4264 est
844 4219 899 4264 eos
922 4205 1181 4264 resurrecturos.
1217 4235 1261 4246 -
1282 4195 1491 4263 coemeteria

246 4284 368 4352 debent
391 4309 462 4354 esse
485 4289 634 4354 cinctura
657 4285 802 4372 provisa,
825 4293 936 4352 erecta
959 4286 993 4351 in
1018 4284 1060 4350 iis
1084 4305 1180 4351 cruce
1203 4282 1376 4351 benedicta
1389 4307 1397 4368 3
1421 4305 1499 4372 pro·

246 4373 375 4441 curatio
398 4375 567 4441 cincturae
590 4381 625 4442 et
648 4375 857 4442 conservatio
880 4373 1042 4440 incumbit
1065 4371 1298 4439 communitati
1313 4373 1493 4438 confessio-

232 4461 325 4530 'nali
348 4461 610 4548 Constituuntur
633 4468 745 4530 autem
767 4463 964 4530 coemeteria
987 4469 1082 4528 extra
1105 4461 1220 4528 urbem
1244 4459 1298 4527 vel
1315 4460 1435 4542 vicum,
1448 4483 1493 4528 ue

249 4601 454 4614 ..-........—-.-

322 4667 341 4737 ¹)
361 4665 463 4722 Concil.
483 4666 609 4726 Chaloed.
631 4668 658 4724 C.
678 4669 721 4723 24.

254 4769 258 4778 ·
320 4741 340 4812 ²)
360 4740 425 4798 Cen.
444 4740 469 4795 9.
490 4740 552 4796 dist.
573 4741 597 4795 1.
617 4743 652 4797 dc
670 4758 792 4798 consecr.
812 4758 834 4797 o
855 4741 879 4797 8.
900 4742 933 4797 de
954 4757 1075 4798 consecr.
1096 4741 1168 4796 Eocl.
