3464 5366
824 437 888 502 104

228 655 308 738 rint,
334 657 437 724 titulo
460 655 671 724 fundationis
694 657 782 724 sedis
806 655 1195 744 Constantinopolitanae
1218 675 1278 742 per
1308 653 1478 720 Andream

227 745 440 834 Apostolum,
474 768 571 850 quem
605 747 677 834 ipso
702 746 733 812 S.
757 746 858 812 Petro
883 745 1025 832 priorem
1063 744 1184 811 habere
1215 742 1382 820 videntur,
1407 765 1479 808 sue·

151 836 155 845 '
229 855 390 905 cessorem
403 834 634 901 Patrrarebam
649 833 1054 921 Constantinopolitanum
1078 854 1138 920 per
1160 829 1371 896 eminentiam
1384 851 1473 896 oecu-

227 921 391 988 menicum
415 920 643 989 Patriareham
670 927 881 1002 venerantur,
906 927 940 987 et
964 920 1062 1008 plane
1085 921 1235 986 Romano
1267 918 1431 985 Pontifioe
1461 942 1478 986 e

227 1008 334 1098 prima
358 1009 435 1078 seda
453 1010 591 1089 de'eeto,
624 1009 1033 1098 Constantinopolitanum
1056 1006 1287 1075 Patriarcham
1310 1006 1383 1090 ejus
1405 1006 1478 1074 loco

227 1099 262 1164 in
291 1097 417 1186 apicem
444 1035 658 1176 collocarunt,
683 1103 783 1187 prout
821 1097 1001 1164 novissima
1027 1096 1129 1162 editio
1154 1094 1285 1162 Codicis
1308 1093 1479 1162 Canonum

227 1185 347 1254 Graeci
362 1185 515 1252 Pidalion
530 1185 625 1251 1800.
639 1185 775 1275 Lipsiae
786 1191 973 1273 procurata,
989 1185 1023 1250 in
1036 1181 1284 1269 Prolegomenis
1309 1181 1351 1248 ad
1368 1205 1479 1270 quam·

226 1273 310 1340 libet
334 1272 689 1361 Synodumperhibet;
722 1274 827 1342 sicin
850 1272 1099 1358 Prolegomenis
1137 1270 1180 1336 ad
1213 1269 1398 1338 Concilium
1421 1270 1479 1338 Ni·

227 1383 363 1428 caenum
386 1361 413 1428 Ι.
438 1363 606 1428 scribunt:
631 1362 837 1450 Principales
861 1368 971 1427 autem
996 1359 1061 1426 viri
1090 1359 1124 1425 in
1146 1357 1355 1446 haoSynodo
1380 1365 1479 1425 erant

226 1448 419 1516 Alexander
434 1448 778 1539 Constantinopoleos,
793 1449 869 1516 dein
877 1449 1155 1515 Locumtenentes
1172 1445 1343 1533 Sylvestri
1354 1445 1479 1534 Papae.

226 1537 266 1604 In
290 1537 437 1605 Concilio
460 1536 518 1604 IV.
543 1537 677 1604 dicunt:
702 1538 936 1606 Praesidentes
961 1541 1065 1616 erant,
1090 1534 1272 1603 Anatolius
1288 1533 1480 1602 Constanti-

227 1624 393 1727 nopoleos,
417 1625 493 1690 dein
516 1624 639 1712 Legati
663 1627 695 1692 S.
719 1626 841 1692 Leonis
865 1625 1007 1692 Romani
1046 1631 1108 1690 eto.
1155 1622 1213 1689 sed
1243 1626 1277 1689 et
1308 1621 1480 1710 antiquior

227 1706 331 1779 editio
362 1712 492 1781 Codicis
515 1713 686 1782 Ecclesiae
710 1713 894 1786 Orientalis
921 1712 1192 1795 „Directorium,“
1223 1711 1264 1777 de
1279 1732 1364 1777 anno
1382 1711 1479 1778 1652.

227 1801 271 1867 ed
304 1799 471 1867 Cononem
505 1801 556 1867 36.
593 1801 735 1868 Concilii
758 1801 921 1882 Trullani‚
958 1823 1021 1889 quo
1045 1799 1177 1868 Conone
1194 1797 1401 1866 decernitur:
1437 1807 1479 1867 ut

227 1889 368 1955 thronus
402 1889 795 1977 Constantinopolitanae
827 1889 979 1977 aequalia
1013 1888 1190 1976 privilegia
1225 1910 1298 1954 cum
1322 1887 1481 1976 antiquae
1590 1917 1595 1926 ·

227 1977 353 2043 Romae
376 1976 497 2043 throno
522 1977 682 2061 obtineat,
706 1984 741 2044 et
763 1979 797 2043 in
821 1975 1057 2046 ecclesiasticis
1086 1981 1126 2042 ut
1150 1974 1209 2041 ille
1231 1974 1330 2042 rebus
1354 1975 1480 2061 magni·

227 2064 298 2145 fiat,
314 2069 355 2132 ut
402 2065 437 2132 ui
466 2065 512 2132 sit
535 2066 697 2132 secundus
720 2074 796 2155 post
819 2065 924 2131 illum.
948 2066 1095 2154 Postque
1118 2085 1256 2150 magnae
1280 2063 1481 2130 Alexandri·

228 2152 347 2220 norum'
371 2087 531 2220 Civitatis
554 2160 748 2220 numeretur
780 2154 931 2235 thronus,
966 2152 1084 2220 deinde
1108 2151 1319 2231 Antiochiae,
1344 2157 1481 2239 etpost

228 2263 304 2307 eum
326 2240 654 2328 Hierosolymitanae
688 2242 855 2321 civitatis,
891 2241 926 2307 in
961 2240 1104 2323 Scholio,
1151 2245 1267 2306 contra
1291 2262 1481 2329 expressam

228 2328 364 2396 literam
395 2330 493 2412 hujus
529 2328 683 2410 Canonis,
708 2330 796 2418 qnod
830 2329 971 2396 thronus
1010 2328 1400 2414 Constantinopolitanus
1432 2328 1482 2395 sit

227 2424 304 2503 post
327 2418 513 2486 Romanum
537 2417 710 2499 secundus,
734 2418 911 2505 subjungit
930 2417 1139 2502 provocando
1156 2415 1198 2480 ad
1228 2416 1393 2486 Canonem
1414 2416 1480 2482 III.

229 2505 369 2572 Concilii
393 2505 759 2594 Constantinopolitani
782 2507 809 2573 I.
849 2515 883 2572 et
917 2505 1085 2573 XXVIII.
1124 2502 1265 2574 Concilii
1301 2503 1483 2572 Chalcedo-

229 2593 362 2660 nensis:
391 2594 802 2681 ,Constantinopolitanus
819 2594 1005 2683 Episcopus
1029 2616 1095 2669 non
1116 2592 1350 2673 consideretur
1367 2615 1483 2660 secun·

230 2680 292 2747 dus
315 2687 391 2769 post
404 2682 600 2760 Romanum,
614 2682 672 2748 sed
694 2683 798 2748 solnm
821 2684 951 2749 ratione
969 2682 1138 2771 temporis,
1164 2703 1237 2748 oum
1259 2681 1366 2749 Roma
1395 2681 1483 2748 anti-

229 2769 325 2923 quior
347 2768 428 2836 urbs
462 2770 510 2836 sit
542 2770 801 2857 Imperatoria“;
825 2771 925 2860 idque
948 2769 1139 2836 adstruitur
1162 2774 1278 2836 contra
1300 2769 1482 2838 Decretum

254 2857 426 2938 ustiniani,
451 2857 595 2926 Novella
619 2857 703 2939 131,
736 2859 772 2924 in
796 2881 860 2946 qua
883 2859 964 2942 Cap.
990 2859 1019 2924 1.
1043 2858 1192 2925 declarat
1214 2858 1419 2946 Imperator:
1441 2865 1484 2926 ut

228 2945 335 3012 vicem
351 2945 461 3032 legum
476 2946 650 3013 obtineant
673 2945 919 3013 ecclesiasticae
941 2946 1102 3033 Regulae,
1128 2969 1211 3034 quae
1234 2947 1389 3013 asanctis
1402 2959 1483 3034 qua-

228 3039 307 3100 tuor
329 3032 488 3100 Conoiliis
512 3033 685 3122 expositae
708 3041 797 3116 sunt,
823 3035 999 3100 nimirum:
1024 3034 1182 3117 Nicaeae,
1201 3034 1483 3122 Constantinopo-

146 3185 149 3193 ,
228 3121 345 3202 litare,
369 3120 537 3210 Ephesino
561 3127 604 3200 et
618 3121 901 3208 Chalcedonensi;
926 3129 1026 3210 atque
1049 3123 1126 3190 hino
1172 3123 1264 3211 (Cap.
1288 3116 1396 3200 adu·
1427 3123 1483 3188 de-

230 3210 414 3276 cernimus:
440 3210 619 3276 seeundum
644 3211 832 3278 earumdem
858 3210 1066 3300 Synodorum
1091 3210 1312 3292 definitiones,
1338 3210 1482 3278 sanctis-

229 3297 349 3365 simum
372 3298 513 3365 senioris
536 3299 661 3366 Romae
684 3299 807 3387 Papam
832 3302 975 3388 primum
1000 3321 1071 3366 esse
1095 3301 1239 3384 omnium
1252 3297 1480 3366 Sacerdotum.

228 3385 464 3462 Beatissimum
502 3393 613 3454 autem
648 3386 966 3476 Archi-Episcopum
1002 3386 1337 3474 Constantinopoleos
1373 3408 1481 3455 novae

229 3474 366 3554 Romae,
391 3474 570 3541 secundum
593 3475 715 3543 habere
737 3475 855 3558 locum,
880 3480 956 3564 post
981 3475 1136 3543 Sanctam
1170 3475 1400 3564 Apostolicam
1432 3496 1483 3542 se-

229 3562 331 3628 nioris
354 3562 480 3630 Romae
503 3563 623 3632 sedem.

326 3649 473 3738 Cumque
496 3652 612 3719 taliter
635 3654 852 3720 observarent
875 3651 1253 3740 Constantinopolitani,
1293 3674 1353 3719 nec
1376 3650 1482 3718 conti·

229 3758 328 3802 nuam
364 3738 533 3806 Eccleslaa
566 3741 791 3821 traditionem,
827 3763 932 3828 neque
966 3742 1067 3807 etiam
1102 3740 1312 3828 Synodorum
1346 3739 1483 3806 decreta

229 3847 308 3892 suae
331 3826 505 3893 ambitioni
529 3829 717 3914 suffragari,
743 3827 785 3894 ad
809 3832 1046 3896 auctoritatem
1070 3827 1103 3894 S.
1127 3826 1284 3896 Andreae
1323 3828 1481 3916 Apostoli

230 3913 463 3999 confugerunt,
488 3921 523 3981 et
546 3917 607 3982 hoc
629 3917 732 3984 titulo
756 3917 1014 4004 superoritatcm
1032 3938 1076 3982 ao
1090 3916 1301 4004 prioritatem
1314 3917 1383 3984 sedi
1395 3915 1482 3981 Con-

230 4003 552 4090 stantinopolitanae
574 4005 742 4072 vindicare
765 4005 875 4071 conati
907 4011 1008 4090 sunt;
1043 4005 1096 4071 uti
1133 4009 1226 4093 patet
1261 4028 1301 4072 ex
1336 4004 1483 4089 epistola

230 4089 352 4156 Leonis
375 4091 655 4181 Archi-Episcopi
674 4094 863 4179 Bulgariae.
891 4093 967 4174 „Ad
990 4115 1055 4173 eos,
1091 4095 1148 4181 qui
1190 4093 1306 4162 dieunt
1338 4093 1481 4160 Romam

230 4199 301 4245 esse
324 4178 467 4266 primum
490 4179 731 4268 Thronum“1);
756 4185 790 4247 in
813 4201 877 4269 qna
900 4181 936 4247 in
959 4181 1043 4248 hanc
1075 4204 1144 4248 rem
1179 4183 1259 4248 haee
1294 4181 1481 4267 leguntur:

233 4266 358 4347 „Porro
382 4267 411 4333 si
433 4268 542 4335 Roma
563 4279 701 4359 propter
736 4291 898 4335 summum
922 4269 1121 4356 Apostolum
1146 4270 1369 4358 principatum
1379 4290 1478 4356 quae·

229 4354 285 4432 rit,
310 4355 513 4442 Byzantium
536 4366 674 4447 propter
697 4358 866 4424 Antlream
890 4359 1031 4444 primum
1067 4363 1230 4439 vocatum,
1270 4364 1305 4425 et
1339 4358 1483 4424 fratrem

230 4448 313 4509 natu
335 4445 486 4531 primum,
511 4450 634 4535 prImas
658 4445 804 4513 habebit.
829 4443 906 4533 Ipse
930 4449 1015 4511 enim
1037 4445 1134 4513 annis
1166 4469 1232 4513 non
1267 4445 1381 4534 paucis
1412 4445 1483 4532 By-

230 4531 336 4598 zantii
357 4531 596 4687 Episqopatum
621 4540 821 4623 susceperat,
846 4540 1024 4618 antequam
1047 4536 1154 4602 frater
1178 4535 1249 4622 ejus
1262 4535 1388 4604 Romae
1400 4533 1484 4622 Epi-

231 4641 349 4709 scopus
373 4642 470 4686 esse.
570 4707 572 4712 Ι

308 4821 326 4892 ¹)
345 4821 403 4878 vid.
424 4821 513 4878 Alexii
533 4822 644 4876 Aristin.
667 4821 876 4894 Epist'Canon.
897 4823 1032 4894 synopsis
1052 4821 1129 4889 Apud
1150 4823 1278 4888 Reverog.
1300 4821 1374 4876 Torn.
1394 4819 1424 4873 ll.
