3420 5358
799 359 1050 464 ..am

276 581 472 658 conteratur,
497 577 553 662 qui
576 580 681 644 totins
703 575 874 644 Ecclesiae
902 597 1075 665 personam
1092 595 1221 660 gerens,
1238 572 1376 660 ejusque
1391 571 1521 638 virtute

276 666 338 732 hoc
360 665 609 732 Sacramentum
632 664 816 754 perficiens,
848 664 980 730 infirmo
1014 661 1164 729 conferat
1187 668 1287 745 atque
1320 659 1518 725 ministret‘

276 755 309 820 A
331 754 511 820 Benedicto
534 759 644 818 autem
683 751 773 819 XIV.
805 752 918 819 Cenat.
957 751 1052 832 ,Etsi
1087 749 1295 837 pastoralia‘
1322 749 1340 833 ξ
1363 746 1406 813 V.
1431 769 1517 812 num.

277 843 306 907 2.
331 841 412 909 haec
436 845 568 907 statuta
591 840 768 926 leguntur:
795 840 961 927 „infirmis
982 840 1080 925 juxta
1104 837 1240 915 verbum
1264 836 1289 902 J
1291 836 1383 901 acobi
1406 834 1521 900 unctio

277 929 476 995 exhibeatur
500 935 648 994 extrema
670 929 792 994 Unctio
815 950 875 1016 per
897 951 999 994 unum
1013 925 1065 992 vel
1079 924 1426 1014 pluresPresbyteros
1449 921 1522 1000 fiat,

276 1018 335 1083 ubi
357 1016 545 1101 hujusmodi
570 1017 661 1102 viget
684 1015 896 1095 consuetudo,
921 1011 1099 1080 dummodo
1124 1011 1262 1079 credant
1285 1023 1321 1078 et
1358 1014 1522 1087 asserant,

277 1104 361 1170 illud
385 1105 634 1171 Sacramentum
680 1110 814 1169 servata
839 1104 951 1170 debita
974 1103 1081 1168 forma
1105 1102 1145 1167 ab
1168 1123 1234 1166 uno
1257 1100 1463 1186 Presbytero
1485 1096 1526 1161 li·

278 1192 343 1259 cite
367 1201 400 1257 et
423 1191 533 1257 valide
556 1192 726 1257 conferrit
776 1192 953 1258 Rationem
999 1195 1121 1270 autem,
1167 1211 1270 1276 quare
1300 1187 1414 1274 plures
1445 1184 1525 1250 Pre-

278 1280 408 1367 sbyteri
430 1281 472 1344 ad
495 1278 796 1345 administrandum
818 1280 880 1346 hoc
903 1278 1152 1344 Sacramentum
1198 1277 1429 1354 adhibeantur,
1453 1271 1527 1338 red·

279 1367 329 1433 dit
352 1367 507 1456 Synodus
525 1367 615 1433 diota
638 1367 870 1433 Euthenorum
893 1365 1119 1432 Zamoscensis
1142 1363 1380 1453 sequentibus:
1406 1360 1529 1443 Quam-

278 1478 373 1544 quam
397 1455 432 1520 in
455 1455 583 1522 Graeca
606 1455 756 1522 Ecclesia
778 1463 948 1542 receptum
963 1453 1076 1532 fuerit,
1094 1462 1194 1539 prout
1218 1450 1398 1540 aliquando
1423 1449 1526 1514 etiam

278 1545 314 1609 in
335 1543 466 1623 Latina,
490 1548 529 1608 ut
553 1549 680 1630 septem
703 1542 909 1622 Sacerdotes,
935 1541 1024 1607 hisce
1057 1540 1287 1607 deficientibus
1310 1545 1381 1604 tres
1406 1536 1527 1603 saltem

278 1631 523 1698 advocarentur
545 1631 585 1696 ad
611 1631 865 1696 ministrandum
889 1630 950 1696 hoc
987 1629 1245 1710 Sacramentum,
1271 1627 1369 1711 hique
1416 1645 1529 1690 omnes

278 1720 457 1786 Materiam
480 1718 754 1790 administrarent
778 1721 861 1804 (sive
884 1717 1072 1802 ungerent),
1097 1724 1131 1781 et
1155 1717 1292 1782 formam
1310 1713 1524 1802 proferrent3

279 1806 387 1876 sciant
410 1812 520 1873 autem
545 1806 771 1873 Ecclesiarum
793 1807 959 1888 Pastores,
984 1804 1106 1892 plnres,
1131 1826 1169 1869 ea
1193 1805 1233 1870 de
1255 1825 1354 1870 causa
1378 1800 1529 1867 adbiberi

279 1895 396 1962 solitos
420 1894 624 1974 Sacerdotes,
649 1905 719 1960 tum
745 1895 784 1958 cb
808 1894 1030 1961 reverentiam
1075 1893 1233 1978 ejusdem,
1266 1899 1300 1958 et
1323 1890 1454 1975 gratiae
1478 1909 1528 1954 co-

278 1983 365 2096 piam
389 2005 487 2070 quam
511 1983 648 2062 confert,
673 1991 743 2047 tum
768 1988 807 2048 ut
831 1983 974 2069 plurium
999 1979 1214 2046 Sacerdotem
1234 2000 1347 2067 preces
1370 1977 1527 2044 effectum

279 2069 485 2137 Sacramenti
512 2069 740 2160 coadjuvant,l

280 2249 311 2341 §-
340 2246 408 2328 82.
437 2248 499 2327 De
526 2246 722 2352 subJecto
750 2245 1264 2327 Sacramentillxtremae
1278 2241 1517 2326 Unctionis.

375 2392 567 2478 Snbjeotum
613 2392 713 2480 hujus
758 2391 963 2458 Sacramenti
997 2396 1049 2457 est
1085 2412 1193 2476 aeger,
1227 2391 1417 2456 infirmatur
1440 2389 1528 2454 enim

280 2480 354 2569 quis
375 2479 412 2546 in
435 2481 529 2546 vobis
553 2481 601 2544 ait
626 2481 659 2546 S.
683 2479 838 2547 Jacobus.
871 2480 906 2544 Si
945 2484 1055 2546 autem
1102 2478 1222 2546 Graeci
1268 2477 1464 2544 Sacerdotes
1487 2477 1527 2540 ob

280 2569 459 2634 mercedem
483 2591 581 2633 sanos
604 2591 733 2656 quoque
756 2569 916 2653 inungere
939 2568 1078 2645 soleant,
1111 2570 1196 2632 circa
1220 2573 1304 2632 hanc
1327 2565 1528 2631 Unctionem

280 2656 546 2721 benevalentium
571 2658 749 2743 respondet
772 2656 973 2722 Benedictus
996 2654 1091 2720 XIV.
1107 2654 1146 2719 de
1170 2653 1525 2740 Synododioecesana

280 2745 371 2810 Libr.
395 2743 473 2810 VH.
500 2744 536 2810 O.
560 2744 611 2809 20.
637 2748 668 2808 in
694 2744 780 2812 huno
804 2744 955 2808 modum:
984 2744 1035 2822 ,A
1069 2742 1202 2808 silentio
1233 2741 1371 2809 Concilii
1394 2741 1530 2807 Floren-

281 2833 345 2899 tini
368 2833 492 2897 rectius
516 2831 717 2912 deducimus,
764 2831 1021 2918 sapientissimis
1055 2831 1125 2896 illis
1150 2830 1309 2896 Patribus
1333 2830 1438 2894 fuisse
1458 2850 1528 2917 per·

281 2943 424 2999 suasum,
449 2926 597 2985 sanctam
620 2919 818 2984 Unctionem
841 2941 861 2984 a
883 2921 1011 3004 graecis
1035 2918 1269 2985 Sacerdotibus
1290 2940 1353 2983 non
1377 2914 1530 2982 adbiberi

281 3008 468 3073 hominibus
492 3007 765 3072 benevalentibus
811 3017 978 3094 tamquam
1024 3007 1297 3089 Sacramentum;
1322 3003 1380 3071 sed
1406 3025 1527 3070 meram

282 3095 518 3162 caeremoniam
542 3101 576 3160 et
599 3094 869 3161 sacramentalem
893 3094 1067 3182 quamdam
1101 3093 1379 3177 benedictionem3
1405 3093 1525 3160 Graeci

282 3185 378 3264 enim,
401 3185 458 3268 qui
482 3184 522 3248 dc
545 3183 687 3269 singulis
710 3184 779 3249 suis
802 3182 925 3248 ritibus
949 3185 1053 3249 coacti
1089 3186 1169 3248 sunt
1192 3181 1354 3246 rationem
1378 3179 1526 3258 reddere,

280 3295 416 3359 gravem
439 3271 556 3358 utique
578 3271 865 3358 reqrehensionem
889 3295 951 3336 non
976 3271 1171 3351 evasissent,
1196 3272 1222 3334 si
1252 3267 1413 3357 comperti
1449 3269 1528 3334 fuis·

201 3371 205 3378 '
282 3367 356 3426 sent
379 3361 496 3426 bacin
518 3383 553 3425 re
576 3383 595 3424 a
619 3360 782 3425 communi
826 3358 995 3425 Ecclesiae
1045 3359 1234 3426 Catholicae
1279 3355 1465 3423 traditione
1496 3361 1530 3422 et

281 3450 375 3536 praxi
399 3450 579 3514 aberrare.l
629 3447 721 3514 Idem
756 3453 867 3512 autem
913 3447 1071 3514 Pontifex
1105 3447 1287 3533 approbato
1318 3444 1526 3530 Eucbologio

282 3537 482 3606 Graecorum
528 3536 636 3623 quoad
676 3535 994 3601 administrationem
1040 3535 1140 3620 hujus
1176 3534 1380 3600 Sacramenti
1413 3532 1526 3598 addit:

282 3625 368 3713 quod
392 3625 542 3713 quamvis
566 3623 703 3692 Graecis
727 3624 850 3689 diserte
885 3624 1026 3691 vetitum
1062 3622 1166 3688 fuerit
1188 3621 1368 3688 Extremae
1391 3621 1528 3687 Unctio-

282 3737 334 3778 nis
356 3713 605 3780 Sacramentum
629 3712 701 3777 aliis
725 3713 883 3792 conferre,
909 3721 1137 3800 praeterquam
1161 3711 1309 3796 aegrotis
1334 3716 1369 3774 et
1393 3709 1524 3798 quidem

281 3801 378 3887 gravi
403 3801 513 3867 morbo
542 3799 789 3883 laborantibus3
835 3801 952 3865 iisdem
982 3800 1198 3866 nihilominus
1220 3796 1437 3864 interdictum
1463 3819 1525 3862 non

283 3896 343 3970 est,
368 3889 542 3978 quominus
566 3890 637 3956 oleo
661 3889 832 3974 lampadis,
868 3889 954 3976 quod
979 3889 1019 3955 ad
1043 3887 1207 3953 sanandas
1252 3886 1469 3951 infirmitates
1489 3884 1523 3949 in

281 3977 429 4045 Ecclesia
454 3985 655 4058 asservatur,
697 3976 862 4060 inungant
897 3999 1143 4062 energumenos,
1183 3974 1340 4060 aliosque,
1386 3975 1444 4058 qui
1477 3972 1530 4038 de-

283 4067 426 4132 votionis
450 4068 571 4152 gratia,
595 4067 710 4134 velut
734 4065 774 4129 ab
799 4064 909 4150 aliquo
933 4063 1135 4130 incommodo
1181 4063 1366 4128 liberentur
1413 4061 1527 4148 hujus-

283 4154 369 4220 modi
393 4155 592 4221 Unetionem
615 4159 757 4242 petunt;
782 4175 854 4218 oum
878 4153 984 4218 oleum
1010 4156 1043 4218 in
1066 4174 1104 4217 ea
1129 4150 1279 4238 lampade
1304 4158 1523 4228 asservatum,

283 4265 488 4330 nequaquam
512 4245 553 4310 ab
576 4243 741 4330 Episcopo
764 4241 815 4305 vel
841 4239 1019 4307 Sacerdote
1042 4253 1270 4307 consecratum
1304 4238 1359 4317 sit,
1385 4237 1426 4302 ad
1450 4237 1525 4304 effe-

284 4341 373 4397 ctum
397 4331 514 4396 utendi
537 4355 575 4398 eo
598 4331 633 4395 in
658 4330 834 4397 Extremae
857 4327 1033 4395 Unctionis
1058 4327 1388 4411 administratione.¹)
1479 4396 1482 4401 ,

360 4510 378 4582 ¹)
397 4511 466 4566 Vide
484 4510 605 4566 Antcine
632 4510 705 4564 Part.
725 4511 758 4564 11.
784 4525 845 4579 pag.
866 4507 927 4562 260.
