3426 5368
895 354 1099 462 .-EO-.-

361 572 485 638 auxilio
521 572 649 640 brachii
681 572 884 660 saecularia;
917 596 980 640 non
1025 533 1239 641 obstantibus
1280 581 1384 644 etoet.
1416 613 1456 626 -
1484 575 1585 642 Datum

360 661 486 728 Romae
509 661 597 746 apud
620 659 778 728 Sanctum
802 660 940 728 Petrum
964 661 1026 728 sub
1050 661 1173 728 annulo
1196 661 1387 749 piscatoris,
1410 661 1460 729 die
1470 661 1517 729 26.
1528 663 1587 728 Maii

272 835 274 842 γ
360 748 459 814 Anno
482 747 646 814 MDXXI.
670 747 893 816 Pontificatus
916 748 1023 817 nostri
1036 771 1122 816 anno
1135 759 1250 817 nono!
1267 751 1375 842 Apud
1388 751 1478 839 Pray
1489 749 1586 816 Hierar

361 835 434 903 chia
447 835 480 902 S.
505 836 542 902 P.
566 837 595 902 I.
611 859 642 924 p.
658 835 841 906 aaa-389.
1343 869 1356 880 -

959 1012 1006 1079 ΙΙ.

831 1145 922 1216 Pius
946 1143 1050 1233 Papa
1072 1143 1139 1214 IX.

703 1320 755 1384 Aa
772 1332 967 1404 perpetuom
991 1324 1041 1385 rei
1064 1323 1268 1386 memoriam.

470 1451 611 1518 Romani
633 1449 823 1532 Pontifices,
848 1451 967 1540 quibus
992 1452 1129 1540 abipso
1160 1452 1294 1519 Christo
1318 1449 1464 1518 Domino
1486 1448 1517 1516 in
1535 1469 1586 1535 per·

358 1560 437 1606 sona
460 1538 650 1606 Beatissimi
683 1539 922 1628 Apostolorum
962 1540 1125 1628 Principis
1161 1539 1241 1607 tuit
1260 1542 1440 1607 commissa
1463 1556 1586 1626 suprema

358 1648 438 1694 cura
472 1633 508 1695 et
546 1632 697 1716 potestas
727 1631 915 1694 universam
951 1629 1087 1716 regendi
1121 1650 1164 1707 ¹ac
1198 1627 1397 1695 moderandi
1421 1625 1585 1704 Ecclesiam,

356 1738 524 1803 nunquam
547 1718 799 1782 intermiserunt
823 1715 997 1784 indefessis
1017 1716 1162 1784 consiliis
1186 1722 1221 1783 et
1243 1716 1423 1783 laboribus
1446 1710 1585 1781 sanctissi-

357 1825 441 1870 mam
465 1802 593 1870 Christi
616 1802 725 1884 fidem,
748 1804 1005 1893 religionemque
1050 1803 1238 1871 diffundere
1271 1827 1336 1893 per
1358 1826 1472 1872 omnes
1493 1809 1582 1876 terras,

356 1897 392 1958 et
414 1891 591 1959 secundum
614 1891 749 1958 Domini
772 1898 983 1981 praeceptum
1007 1892 1203 1960 confirmare
1225 1892 1381 1975 Fratres,
1408 1898 1443 1960 et
1465 1888 1585 1957 homines

356 1985 513 2048 nutantes
538 1982 712 2060 sustinere,
737 1986 771 2045 et
794 1979 965 2067 imperitos
989 1981 1114 2063 docere,
1139 1987 1173 2048 et
1196 1981 1394 2049 laborantes
1419 1982 1543 2066 erigere,
1562 1978 1585 2039 et

356 2066 471 2135 devios
493 2090 658 2146 revocare,
684 2074 717 2133 et
740 2068 886 2135 incertos
910 2069 1038 2151 ducere,
1063 2091 1101 2136 ac
1125 2069 1179 2137 vel
1202 2069 1363 2152 haeresis,
1379 2069 1435 2138 vel
1459 2065 1585 2134 schism·

355 2156 402 2224 tis
425 2159 621 2243 contagione
645 2155 785 2222 infectos
809 2157 851 2222 ad
874 2157 1058 2225 catholicae
1097 2156 1240 2224 unitatis
1265 2166 1423 2225 centrum
1445 2153 1583 2226 reducere,

356 2250 390 2312 et
422 2244 588 2331 spirituali
634 2245 776 2310 omnium
822 2245 1018 2334 populorum
1063 2245 1168 2313 bono.
1195 2247 1380 2328 consulere,
1429 2252 1463 2314 et
1503 2237 1584 2308 omnia

354 2355 522 2421 peragere,
547 2354 631 2416 quae
654 2332 770 2420 majori
797 2333 964 2400 Ecclesiae
987 2333 1134 2400 utilitati
1158 2334 1401 2424 quovismodo
1427 2330 1582 2400 conducere

353 2427 501 2510 possent.
547 2421 630 2488 Cum
664 2425 778 2487 autem
814 2421 962 2488 Ecclesia
987 2445 1006 2488 a
1029 2422 1162 2489 Christo
1194 2422 1338 2489 Domino
1376 2422 1516 2490 fundata
1534 2433 1584 2480 una

355 2509 486 2575 omnino
510 2512 564 2590 ait,
589 2531 691 2596 eaque
715 2531 754 2575 ex
778 2508 967 2576 Occidentis
992 2517 1026 2576 et
1049 2509 1198 2577 Orientis
1214 2511 1349 2599 populis
1376 2511 1584 2586 constabant

352 2596 453 2665 iidem
466 2597 609 2664 Romani
625 2597 806 2664 Pontifices
819 2621 896 2664 suaa
907 2621 1019 2666 omnes
1034 2604 1192 2686 paternas
1209 2621 1306 2666 ouras
1322 2601 1582 2690 cogitationesque

351 2686 388 2766 in
411 2685 595 2753 Orientalis
619 2707 746 2772 quoque
770 2685 940 2753 Ecclesiae
963 2695 1081 2774 gentes
1105 2687 1245 2768 assidue¹
1271 2688 1580 2768 contuleruntque

352 2780 405 2841 tot
427 2773 548 2840 habuit
569 2774 660 2840 viros
683 2774 826 2860 ingenio,
852 2773 998 2856 consilio,
1023 2797 1183 2864 sacraque
1223 2779 1424 2865 praesertim
1450 2771 1586 2841 doctrina,
1654 2843 1655 2848 ἵ

352 2861 546 2942 eruditione,
571 2861 771 2949 eloquentia,
807 2885 846 2929 ac
874 2864 1131 2949 sapientissimis
1171 2863 1317 2952 scriptis,
1342 2871 1585 2953 magnorumque

350 2950 638 3030 malefactorum,
664 2955 698 3016 et
721 2950 914 3015 sanctitatis
949 2949 1058 3036 gloria
1091 2953 1248 3038 insignes.

445 3035 493 3104 Et
516 3058 594 3108 sane
617 3042 657 3102 ut
678 3037 713 3104 in
738 3037 874 3105 Oriente
906 3037 1075 3126 integrum
1114 3039 1381 3128 inviolatumque
1419 3034 1584 3107 catholicae

349 3124 427 3191 fidei
451 3132 643 3193 servaretur
667 3125 861 3214 depositum,
886 3131 990 3215 utque
1006 3127 1230 3195 ecclesiastica
1245 3127 1422 3218 disciplina
1471 3135 1585 3209 rospere

349 3213 552 3300 procederet,
577 3220 611 3280 et
633 3236 728 3280 sacra
752 3213 890 3301 liturgia
922 3216 1010 3282 omni
1045 3217 1227 3284 sanctitate
1265 3239 1303 3284 ac
1334 3150 1513 3304 splendbre
1534 3202 1586 3273 ful·

348 3308 445 3388 geret
466 3302 564 3368 iidem
587 3302 776 3383 Pontifices,
812 3303 867 3368 ubi
903 3304 1043 3393 primum
1088 3304 1259 3386 Ecclesiae
1282 3328 1348 3394 pax
1370 3305 1441 3372 fuit
1464 3299 1582 3370 donata

349 3397 383 3457 et
405 3390 501 3479 plura
524 3396 751 3457 convocarunt
774 3390 930 3474 Consilia,
955 3400 990 3459 et
1013 3393 1125 3460 varias
1161 3393 1294 3461 edidere
1318 3388 1585 3478 constitutiones,

331 3479 490 3561 decreta,
515 3477 662 3565 nihilque
686 3481 889 3546 intentatum
913 3480 1086 3570 reliquere,
1111 3487 1150 3547 ut
1174 3481 1397 3549 Orientalium
1413 3477 1588 3572 utilitatem

346 3573 588 3655 promoverent.
613 3566 710 3649 Quod
733 3567 865 3656 quidem
889 3571 1058 3655 singulare
1080 3570 1305 3637 Romanorum
1329 3569 1540 3640 Pontificum,
1562 3575 1589 3620 el

347 3656 446 3744 hujus
469 3656 613 3723 Sanctae
636 3655 731 3722 Sedis
764 3679 844 3742 erga
879 3657 1068 3725 Orientales
1101 3658 1242 3747 populos
1273 3659 1423 3726 studium
1447 3660 1483 3724 et
1506 3661 1586 3718 amor

346 3767 475 3833 semper
519 3746 636 3830 viguit,
661 3767 699 3812 ao
722 3743 775 3812 vel
801 3748 937 3815 maxime
985 3749 1111 3828 enituit,
1147 3770 1220 3813 cum
1252 3747 1364 3901 aliqua
1400 3737 1587 3835 praesertim

346 3835 463 3900 oborta
486 3838 538 3899 est
561 3831 705 3900 haeresis
729 3838 789 3900 aut
813 3835 955 3902 schisma
978 3835 1170 3914 excitatum,
1211 3857 1297 3924 quan
1323 3835 1475 3925 oqnidem
1498 3823 1587 3921 iidem

344 3921 524 3988 Pontifices
547 3919 673 3986 nullia
709 3921 771 3987 sihi
805 3923 893 3989 curis
937 3923 1138 4012 parcendum
1171 3946 1243 3990 essa
1279 3923 1458 4002 duxerunt,
1491 3920 1529 3998 ut
1559 3927 1587 4007 131

345 4009 482 4078 Oriente
506 4008 669 4076 catholica
693 4017 894 4093 servaretur,
916 4020 950 4077 et
973 4011 1079 4098 magis
1110 4014 1143 4076 in
1169 4011 1238 4079 dies
1261 4014 1503 4101 propagaretur
1526 4017 1588 4065 unt·

343 4105 408 4166 tas.
432 4099 548 4186 Atque
571 4097 651 4163 haec
675 4097 750 4164 fidei
777 4103 886 4167 unitas
910 4122 983 4166 cum
1018 4099 1242 4186 legitimorum
1281 4101 1406 4168 rituum
1431 4091 1587 4166 varietate

343 4187 468 4276 optime
513 4187 676 4266 consistit,
713 4209 754 4252 ex
791 4188 910 4275 quibus
940 4189 1039 4256 immo
1074 4189 1178 4275 major
1200 4192 1233 4255 in
1257 4188 1440 4256 Ecclesiam
1476 4181 1586 4276 ipsam

342 4275 499 4362 splendor
531 4280 565 4341 et
603 4275 760 4362 majestas
791 4276 925 4344 mirifice
956 4276 1133 4344 redundat.
1179 4277 1268 4344 Hinc
1301 4277 1365 4365 ipsi
1395 4277 1584 4344 accessores

341 4363 458 4432 Nostri
482 4385 548 4430 non
571 4363 677 4429 solum
701 4362 736 4429 in
760 4364 868 4430 animo
894 4387 1061 4450 nunquam
1096 4365 1241 4432 habuere
1265 4364 1449 4436 Orientales
1470 4355 1574 4446 gelles

341 4452 384 4518 ad
407 4451 510 4519 ritum
533 4451 676 4520 latinum
701 4451 828 4528 ducere,
854 4457 1091 4520 verumetiam
1116 4456 1245 4541 quoties
1275 4460 1492 4543 opportunum
1513 4455 1576 4508 case
1650 4505 1652 4521 2

341 4541 585 4621 existimarunt,
610 4539 885 4608 luculentissimis
910 4541 1020 4609 verbis
1044 4541 1132 4609 clare
1164 4548 1343 4632 aperteque
1366 4530 1570 4610 declararunt
1649 4583 1650 4602 t

340 4651 376 4696 se
399 4628 486 4698 nolle
509 4629 660 4718 proprios
684 4629 904 4697 Orientalium
938 4629 1164 4698 Ecclesiarum
1194 4635 1290 4713 ritus,
1311 4635 1432 4720 ⁴utpote
1454 4633 1571 4724 venera·
1647 4659 1651 4719 t

339 4717 399 4785 bili
422 4740 502 4786 suae
526 4715 664 4806 originis
702 4717 914 4808 antiquitate,
938 4725 973 4786 et
996 4725 1185 4788 sanctorum
1223 4720 1362 4790 Petrum
1386 4706 1569 4790 auctoritate
1646 4721 1647 4729 ¹
