3468 5368
901 411 922 478 8

808 509 1012 516 m

283 638 440 717 omnium,
466 639 569 725 caput
591 630 686 702 illius
711 634 867 713 familiae,
892 635 983 702 orbis
1006 635 1115 702 totius
1138 635 1336 726 praefectus.
1352 636 1407 704 Ita
1431 635 1535 703 Theo-

281 721 1535 881 titt·”ttttttttt,ilttsstttlttttttltttttt

282 839 544 990 Pheophilai’tus
567 899 602 966 in
626 895 714 965 idem
748 897 828 986 Cap.
864 898 927 964 ult.
969 897 1067 966 Joan.
1102 834 1203 989 aitque
1237 836 1534 994 PatrespConcilii

282 987 560 1059 Chalcedonensis
583 987 728 1053 Actione
751 987 806 1052 3-a
819 992 853 1053 et
864 988 919 1052 4·a
943 987 1102 1066 „beatum
1113 993 1147 1054 et
1171 986 1260 1053 omni
1290 987 1388 1054 laude
1412 988 1535 1075 dignis·

283 1079 414 1180 simum⁸
436 1074 608 1165 appellant
652 1075 801 1176 Petrum,
826 1075 889 1163 qui
907 1079 959 1141 est
982 1079 1079 1162 petra
1125 1080 1160 1141 et
1183 1074 1315 1227 crepido
1361 1075 1534 1172 Ecclesiae

283 1164 485 1244 Catholicae,
510 1169 544 1229 et
562 1167 673 1229 rectae
696 1161 774 1228 fider
798 1161 1085 1229 fundamentum.“
1111 1162 1211 1246 Quali
1247 1162 1447 1230 undamento
1461 1187 1535 1230 cum

283 1251 436 1322 Ecclesia
459 1263 766 1339 nunquam'carerc
788 1250 907 1338 possit,
947 1272 1149 1339 consequens
1184 1255 1245 1330 est,
1279 1273 1399 1320 munus
1433 1253 1534 1319 Petro

283 1340 524 1431 Apostolorum
547 1337 698 1428 Principi
722 1338 880 1405 collatum
904 1338 947 1404 ad
969 1340 1149 1426 regendam
1179 1338 1371 1405 universam
1406 1339 1535 1408 Christi

173 1465 176 1470 ¹
283 1427 479 1509 Ecclesiam,
503 1427 539 1492 in
561 1425 714 1494 Ecclesia
758 1425 940 1516 perdurare
985 1427 1123 1512 debere;
1169 1426 1397 1529 neminemque
1431 1428 1535 1493 alium

283 1517 379 1585 Petri
402 1536 624 1583 successorem
648 1515 682 1582 in
706 1536 842 1581 munere
865 1513 993 1581 Vicarii
1017 1514 1145 1582 Christi
1167 1514 1203 1580 in
1232 1517 1334 1580 terr1s
1357 1516 1535 1603 agnovisse

286 1604 472 1673 Ecclesiam
489 1602 820 1691 .quam,Episcopum
843 1603 1041 1684 Romanum,
1066 1602 1161 1691 cujus
1185 1601 1372 1670 Cathed‘rae
1406 1602 1534 1692 primus

283 1692 453 1782 praesedit
476 1691 609 1771 Petrae,
634 1713 746 1757 omnes
769 1690 982 1757 confitentur.
1006 1689 1072 1757 Sed
1103 1689 1379 1779 quemadmodum
1413 1691 1535 1780 reliqui
1585 1771 1589 1778 Ι
1711 1715 1712 1774 q

284 1780 441 1869 Apostoli
465 1780 605 1846 fuerunt
626 1779 728 1846 Petro
751 1779 787 1844 in
821 1779 982 1865 regimine
1014 1778 1185 1846 Ecclesiae
1213 1778 1304 1860 socii,
1339 1779 1397 1867 qui
1433 1780 1535 1847 etiam

283 1869 391 1958 juncti
416 1890 488 1934 cum
519 1868 621 1934 Petro
654 1870 853 1955 acceperunt
885 1865 1049 1954 Spiritum
1081 1873 1243 1949 sanctum,
1278 1874 1313 1932 et
1345 1867 1534 1934 missionem
1600 1889 1603 1900 ¹

285 1956 383 2025 Joan.
407 1955 485 2043 Cap.
510 1956 562 2022 20.
586 1955 668 2023 item
690 1960 894 2046 potestatem
917 1955 1044 2040 ligandi
1067 1961 1101 2021 et
1118 1954 1270 2021 solvendi
1283 1955 1533 2023 Math.XVIII.

285 2068 317 2111 v.
343 2045 407 2109 18:
431 2044 482 2109 ita
505 2043 537 2110 A
563 2044 748 2110 ostolorum
765 2063 983 2110 ,successores
1006 2042 1165 2131 Episcopi
1188 2041 1276 2108 idem
1299 2049 1536 2110 monusetvo-

286 2132 449 2199 cntionem
472 2131 508 2197 in
530 2065 681 2198 Ecclesia
704 2131 883 2211 sustinent,
908 2135 1064 2219 suntquen
1085 2131 1236 2197 Romano
1269 2130 1427 2198 Pontifici
1462 2153 1536 2198 cum

286 2242 324 2287 eo
359 2218 528 2306 conjuncti
569 2219 743 2306 regiminis
773 2217 945 2286 Ecclesiae
977 2224 1156 2285 consortes.
1191 2217 1319 2284 Paulus
1351 2220 1536 2308 Apostolus

284 2313 446 2374 testatur:
472 2307 614 2394 „Episco
639 2327 674 2373 os
698 2328 717 2373 a
740 2305 872 2395 Spiritu
896 2307 1018 2374 Sancto
1041 2307 1170 2394 positos
1193 2327 1265 2372 esse
1288 2328 1403 2393 regere
1426 2309 1538 2375 Eccle-

280 2396 370 2463 siam
393 2395 478 2461 Dei“
504 2395 582 2461 Act.
606 2329 685 2462 iix.
708 2417 740 2461 v.
776 2395 829 2461 17.
864 2395 1140 2481 designationem
1174 2399 1287 2460 tamen
1320 2386 1537 2482 particularis

286 2485 401 2571 gregis
424 2481 596 2571 accipiunt
619 2504 639 2548 a
662 2481 836 2565 Pontifice,
863 2483 920 2571 qui
943 2483 977 2549 vi
1001 2483 1054 2548 sui
1077 2480 1225 2553 muneris
1258 2484 1319 2548 uni
1344 2483 1487 2548 versalia
1511 2483 1542 2552 E

287 2571 406 2639 olesiac
429 2569 584 2638 Rectoris
607 2577 642 2638 et
664 2570 816 2638 Pastoris
839 2571 1101 2658 particularibus
1133 2568 1294 2656 gregibus
1327 2576 1480 2660 pastores
1502 2579 1539 2640 et

286 2666 433 2728 rectores
456 2658 487 2725 E
511 2658 641 2748 iscopos
663 2657 827 2749 praeficit,
852 2658 966 2747 sicque
985 2656 1254 2746 jurisdictionem
1288 2658 1330 2724 ab
1354 2681 1391 2727 eo
1427 2681 1539 2745 conse·

287 2754 446 2837 quantur.
506 2746 535 2813 is
559 2746 775 2815 conformiter
797 2754 887 2834 ergo,
911 2745 1100 2834 subjectum
1122 2746 1313 2834 potestatis,
1327 2746 1382 2817 vel
1405 2747 1538 2834 regimi-

286 2837 339 2904 nis
362 2834 592 2916 ecclesiastici,
617 2841 669 2902 est
694 2833 1053 2924 Petro-Apostolicum,
1078 2857 1136 2902 seu
1153 2835 1332 2901 ‘Romanus
1366 2835 1535 2917 Pontifex,

287 2947 352 3016 qua
375 2922 504 2994 Christi
526 2923 561 2989 in
584 2923 687 2991 terris
710 2921 877 3004 Vicarius,
903 2945 977 2990 cum
1000 2923 1178 3013 Episcopis
1201 2921 1266 2991 sibi
1295 2923 1493 3013 conjunctis.

287 3107 321 3202 ἕ.
354 3100 423 3184 10.
450 3099 571 3218 Hace
595 3100 788 3203 potestas
815 3126 862 3183 se
890 3102 1089 3184 extendit
1120 3100 1162 3202 1)
1194 3103 1250 3184 ad
1278 3101 1539 3185 substantia·

747 3225 810 3308 lia
837 3228 1079 3332 religionis

349 3377 353 3384 '
382 3370 465 3440 Cum
487 3374 638 3458 potestas
661 3371 901 3440 Ecclesiastica
924 3395 959 3439 se
982 3373 1025 3440 ad
1049 3374 1155 3441 omnia
1190 3395 1228 3443 ea
1261 3371 1420 3441 extendat
1452 3393 1540 3528 quae

237 3493 241 3502 ·
288 3459 452 3526 adfinem
475 3459 656 3539 Ecclesiae,
682 3460 743 3528 hoc
755 3467 816 3542 est,
834 3461 1009 3548 religionis
1021 3461 1255 3550 integritatem
1267 3482 1450 3529 conservam
1475 3484 1539 3538 am,

288 3554 323 3613 et
344 3546 395 3613 ita
425 3547 568 3614 salutem
601 3554 771 3614 aeternam
806 3549 1070 3637 consequendam
1101 3550 1290 3626 necessaria
1310 3555 1421 3616 sunt:
1452 3549 1539 3616 nihil

287 3639 402 3701 autem
425 3636 532 3723 magis
555 3636 857 3718 necessariumsit,
883 3659 980 3725 quem
1004 3659 1114 3704 sacras
1131 3639 1324 3727 scripturas,
1342 3636 1540 3726 divinasque

263 3730 264 3736 ’
289 3721 491 3790 traditiones
514 3745 612 3790 nosse
634 3729 669 3791 et
691 3729 862 3812 tamquam
885 3728 995 3792 t'ontes
1031 3725 1164 3791 divinae
1195 3723 1413 3792 revelationis
1448 3731 1540 3792 recte

293 3810 497 3898 intelligere,
520 3811 701 3899 genuinum
726 3835 854 3901 quoque
878 3820 913 3880 et
935 3813 1161 3901 incorruptum
1187 3813 1297 3900 legum
1336 3813 1541 3880 naturalium

288 3920 347 3966 seu
369 3900 543 3966 moralium
569 3922 698 3966 sensum
722 3905 846 3981 tenere,
883 3901 1097 3991 consequitur
1125 3900 1180 3987 jus
1216 3900 1396 3990 potestatis
1426 3900 1539 3968 Eccle-

290 3986 448 4054 siasticac
471 4009 559 4054 esse:
586 3987 619 4074 1)
643 3986 887 4055 determinandi
911 3989 1071 4056 librorum
1095 3988 1283 4057 divinorum
1299 4010 1481 4070 numerum,
1505 3996 1541 4055 et

288 4074 428 4164 siquod
451 4075 588 4143 dubium
612 4075 749 4158 oriatur,
786 4099 901 4143 verum
935 4077 1068 4145 illorum
1100 4099 1233 4145 sensum
1268 4075 1468 4148 declarandi.
1503 4077 1539 4167 2)

289 4163 510 4230 Contestandi
544 4162 746 4232 traditiones
782 4164 914 4231 divinas
950 4172 984 4230 et
1014 4165 1171 4250 dogmata
1210 4189 1283 4234 cum
1316 4167 1358 4232 iis
1394 4186 1540 4231 connexa

290 4250 501 4318 enunciandi.
526 4252 561 4338 3)
584 4251 804 4319 Custodiendi
829 4252 1027 4319 inviolatam
1049 4253 1137 4342 juris
1150 4255 1316 4323 naturalis
1328 4254 1400 4319 sive
1412 4274 1539 4320 morum

290 4337 484 4420 doctrinam,
509 4346 610 4429 atque
634 4339 770 4408 eandem
795 4346 910 4408 contra
933 4362 1090 4429 perversa
1113 4341 1247 4430 ingenia
1286 4339 1495 4410 defendendi.

289 4521 324 4616 ἓ.
344 4519 409 4600 11.
425 4517 475 4598 In
492 4516 653 4620 quibus
671 4517 949 4601 declarandis
973 4519 1168 4602 Ecclesia
1195 4521 1261 4602 est
1274 4518 1541 4603 infallibilis.

386 4662 469 4730 Dari
492 4663 527 4729 in
550 4663 702 4731 Ecclesia
724 4663 956 4751 Magisterium
986 4664 1175 4747 infallibile,
1212 4685 1271 4732 scu
1304 4664 1391 4754 quod
1426 4665 1542 4733 divina

290 4750 493 4818 certitudine
516 4752 670 4819 enunciet
693 4753 882 4835 veritatem,
907 4776 965 4821 seu
999 4753 1163 4841 objective
1204 4775 1313 4820 veram
1354 4752 1541 4821 doctrinam
