3420 5358
714 540 778 606 275

643 635 848 645 —-—-----

121 757 254 848 sponsis
277 759 421 846 recipere
444 758 612 846 integrum
637 765 698 839 est,
722 781 819 847 quam
844 780 863 823 a
886 779 946 823 suc
970 757 1134 824 duntaxat
1158 757 1292 847 proprio
1340 777 1373 824 a·

121 845 263 914 rochiali
287 845 475 926 Sacerdote,
500 853 560 914 aut
583 847 650 913 alio
673 850 774 914 etiam
797 847 1001 933 Presbytero
1026 845 1218 912 mandatum
1242 845 1283 911 ab
1308 779 1370 911 illo

122 933 330 1022 habente‘1).
365 935 527 1001 Attamen
551 957 623 1002 cnm
648 943 776 1003 certum
799 941 834 1002 et
858 933 1069 1021 exploratum
1091 931 1138 1000 sit
1168 932 1211 1000 ad
1236 930 1373 1021 aliquod

122 1023 394 1112 impedimentum
417 1022 575 1089 dirimens
597 1023 818 1090 inducendum
841 1021 1061 1108 necessariam
1085 1043 1156 1088 esse
1191 1021 1374 1087 anctorita-

123 1117 189 1178 tem
214 1110 354 1178 Concilii
378 1111 588 1192 oecumenici,
612 1112 667 1180 vel
690 1111 908 1200 Apostolicae
931 1109 1036 1191 Sedis,
1062 1132 1121 1176 nec
1155 1109 1310 1176 sulficere
1334 1113 1373 1175 nt

124 1199 157 1264 id
179 1197 315 1266 decreto
338 1197 465 1284 Synodi
489 1199 714 1266 Dioecesauae
739 1200 789 1266 vel
815 1199 917 1266 etiam
940 1196 1162 1265 Provincialis
1185 1203 1370 1278 statuatur,

123 1295 161 1354 ut
185 1287 321 1354 disertis
343 1286 453 1354 verbis
476 1287 585 1354 tradit
607 1287 808 1354 Benedictus
831 1285 968 1374 XIVr),
993 1307 1131 1376 cumque
1155 1285 1287 1352 aliunde
1301 1309 1374 1353 con·

124 1380 192 1442 stet
214 1374 469 1442 saluberrimum
492 1375 633 1442 Consilii
656 1370 847 1444 Tridentini
887 1374 1066 1442 Decretum
1113 1377 1147 1440 in
1191 1373 1375 1442 Provincia

125 1463 350 1532 ecclesiastica
383 1465 755 1549 graeco-catholicorum
775 1461 903 1531 Alban
904 1463 1026 1530 utiensi
1049 1485 1114 1529 non
1159 1463 1264 1530 fuisse
1309 1463 1377 1530 rite

124 1552 332 1642 publicatum
356 1553 369 1636 (
391 1574 454 1618 uae
476 1552 609 1640 quidem
631 1553 815 1642 publicatio
838 1553 873 1618 in
897 1550 1041 1636 singulis
1064 1551 1233 1640 parochiis
1271 1552 1377 1618 aPa·

125 1639 235 1706 tribus
258 1639 352 1705 illius
369 1573 515 1708 (Consilii
539 1643 724 1708 necessario
748 1640 896 1728 exigitur
920 1640 963 1706 ad
987 1639 1049 1705 hoc
1071 1659 1108 1705 ιιι
1132 1641 1201 1706 vim
1224 1639 1378 1706 acrobur

124 1727 286 1814 habeat);
309 1725 448 1816 ideoque
471 1730 623 1817 quamvis
648 1729 861 1808 matrimonia
881 1729 1006 1816 absque
1040 1727 1231 1795 Sacerdotis
1267 1751 1308 1795 ac
1330 1735 1379 1796 ta·

126 1816 228 1883 stium
251 1819 441 1904 praesentia
463 1815 499 1882 iu
534 1817 766 1885 Transilvania
788 1817 875 1883 inita
898 1816 970 1882 sint
992 1815 1091 1881 valde
1125 1815 1269 1902 illicita;
1314 1817 1380 1885 Ec·

126 1904 225 1972 clesia
249 1904 335 1970 enim
359 1926 488 1994 semper
510 1906 685 1972 abborruit
708 1908 751 1972 ab
774 1903 965 1993 hujusmodi
1002 1903 1220 1972 clandestinis
1267 1905 1381 1992 conju·

150 1993 200 2074 is,
223 1997 337 2058 tamen
361 1993 426 2058 nisi
449 1991 542 2059 aliud
565 1995 677 2062 obstet
701 1995 894 2064 canonicum
918 1990 1189 2080 impedimentum
1212 2013 1273 2081 pro
1296 1993 1379 2060 vali·

126 2015 178 2148 lis
201 2079 393 2148 habeantur
415 2085 558 2172 oportet.
661 2115 665 2123 ·

221 2167 409 2322 Instruppio
433 2189 512 2236 vero
534 2171 717 2240 Austriaca
740 2169 849 2259 quoad
871 2168 934 2236 hcc
956 2166 1228 2258 impedimentum
1243 2190 1381 2258 sequen·

128 2257 176 2323 tia
221 2257 347 2324 raescri
372 2255 423 2323 it:

198 2279 251 2430 Ρξ.
275 2343 328 2410 38.
352 2343 408 2410 Ad
432 2346 679 2413 matrimonium
702 2345 814 2413 valide
836 2345 1019 2411 ineundum
1041 2343 1235 2430 requiritur,
1245 2349 1286 2410 ut
1308 2366 1382 2411 con·

129 2433 302 2498 trahentes
326 2453 435 2498 coram
459 2435 602 2521 parocho
625 2437 761 2523 proprio
784 2433 962 2520 utriusque
985 2432 1038 2498 vel
1063 2433 1163 2498 unius
1187 2431 1295 2521 partis
1320 2437 1381 2499 aut

130 2520 195 2586 alio
219 2519 399 2586 Sacerdote
422 2520 463 2588 de
483 2523 588 2610 ipsius
611 2523 752 2590 Parochi
776 2543 835 2588 seu
859 2520 1026 2586 Ordinarii
1051 2521 1185 2586 licentia
1208 2519 1382 2586 etducbus

131 2607 183 2675 vel
206 2609 318 2675 tribus
340 2608 486 2676 testibus
511 2633 705 2678 consensum
730 2610 910 2676 declarent.
934 2609 976 2676 In
998 2609 1041 2674 iis
1087 2614 1198 2674 tamen
1244 2609 1382 2696 Imperii

131 2697 292 2783 partibus,
317 2718 377 2785 pro
401 2699 520 2786 quibus
543 2707 659 2766 sancta
683 2698 784 2765 Sedes
815 2699 1070 2763 instructionem
1117 2696 1157 2763 de
1203 2697 1282 2764 dato
1330 2696 1382 2762 30.

131 2783 262 2873 Aprilis
288 2785 383 2852 1891.
407 2786 523 2867 edidit,
544 2781 699 2859 absentia
720 2785 861 2853 Parocbi
884 2784 1051 2852 Catholici
1082 2785 1192 2874 quoad
1216 2785 1383 2852 matrimo-

131 2875 184 2938 nia
206 2871 298 2939 inter
319 2872 508 2941 Catholicae
529 2884 564 2943 et
586 2876 796 2944 Christianos
820 2873 1082 2940 nou-catholicos
1105 2873 1147 2939 ad
1192 2874 1267 2962 ipsa
1310 2873 1385 2940 irri-

133 2959 233 3027 tanda
256 2982 324 3028 non
347 2961 484 3029 sufficit.

226 3054 255 3134 ξ.
281 3048 334 3114 39.
359 3050 520 3139 Proprius
543 3054 810 3139 nupturientium
833 3050 1002 3116 Parochus
1026 3055 1080 3116 est
1101 3050 1141 3130 is,
1167 3049 1202 3116 in
1218 3048 1386 3138 cujuspa·

134 3136 243 3204 rochia
266 3159 282 3202 s
308 3140 379 3203 onsi
403 3161 517 3206 verum
541 3144 719 3229 autquasi
743 3138 946 3204 domicilium
970 3138 1105 3204 habent.

226 3226 254 3310 ἓ.
324 3275 331 3290 .
357 3225 571 3294 Domicilium
593 3251 710 3296 verum
733 3228 780 3292 ibi
804 3226 951 3292 locorum
975 3233 1036 3304 est,
1061 3227 1120 3293 ubi
1142 3227 1219 3314 quis
1255 3225 1385 3292 habitae

134 3313 256 3379 tionem
279 3335 373 3378 suam
396 3317 451 3380 val
475 3317 571 3383 unice
595 3317 648 3384 vel
672 3315 904 3404 principaliter
926 3312 1014 3400 figit,
1038 3313 1098 3400 ita,
1121 3325 1160 3382 ut
1174 3313 1385 3403 peregrinari

135 3399 272 3482 dicatur,
297 3403 428 3490 quando
451 3403 497 3469 ihi
522 3427 585 3469 non
610 3411 841 3471 commoretur.
866 3401 1035 3483 Quamdiu
1057 3403 1120 3468 hoc
1142 3406 1174 3468 in
1201 3403 1271 3469 loco
1294 3401 1387 3467 habi-

136 3489 295 3555 tationem
318 3490 382 3556 sibi
407 3491 461 3556 vel
484 3491 632 3558 familiae
655 3515 735 3559 suae
759 3491 963 3557 destinatam
987 3489 1122 3572 retinet,
1147 3490 1299 3556 absentia
1320 3489 1389 3555 lou·

135 3580 205 3662 gion
228 3577 308 3643 licet
330 3593 581 3668 persesumpta
604 3602 670 3646 non
694 3579 823 3646 sufficit
846 3578 887 3642 ad
911 3577 1120 3644 efficiendam
1144 3578 1304 3645 domicilii
1317 3576 1390 3644 veri

137 3665 398 3732 translationem.
426 3667 492 3734 Ubi
516 3669 590 3756 quis
614 3670 811 3736 duraturam
834 3669 938 3752 figere
962 3664 1072 3732 sedem
1120 3666 1208 3733 hand
1254 3665 1388 3754 quidam

137 3751 290 3834 intendit,
315 3775 429 3822 verum
454 3756 690 3824 tamentalem
713 3756 906 3822 habitatin
930 3754 1039 3835 finem,
1079 3755 1121 3820 ad
1156 3777 1255 3843 quem
1300 3776 1389 3820 asse·

138 3840 300 3996 {agndum
323 3841 454 3930 longior
476 3849 689 3912 commoratio
712 3843 907 3929 requiritur,
955 3842 1003 3908 ibi
1048 3843 1144 3930 quasi
1179 3841 1388 3910 domicilium

160 3937 244 3996 aet.
979 3995 983 4004 ,

229 4021 259 4102 ξ.
283 4015 337 4084 41.
361 4017 462 4100 Uxor,
486 4019 544 4085 ubi
567 4019 731 4106 maritus;
756 4022 977 4099 minoreunes,
1000 4018 1058 4083 ubi
1089 4027 1253 4108 parentes,
1278 4017 1385 4083 nutri·

141 4104 186 4184 tii,
210 4111 313 4186 tutor,
338 4129 452 4174 verum
475 4105 601 4176 habent
624 4108 837 4176 domicilium.
861 4105 982 4188 Locus,
1005 4106 1064 4172 nbi
1088 4130 1117 4173 e.
1140 4129 1189 4195 gr.
1215 4126 1301 4173 uxor
1321 4127 1389 4172 ser·

143 4192 221 4258 vitia
243 4202 405 4283 praestat,
429 4203 488 4262 aut
513 4196 717 4264 minorennis
739 4196 927 4263 studiorum
952 4217 1031 4282 ergo
1066 4203 1291 4261 commoratur
1337 4193 1393 4260 vel

142 4301 276 4366 persona
300 4282 459 4350 militaris
483 4288 610 4351 stativa
634 4285 744 4366 habet,
769 4288 915 4373 ipsorum
940 4281 1035 4372 quasi
1060 4283 1263 4351 domicilium
1295 4303 1391 4372 repu-

143 4369 260 4436 tandus
283 4377 345 4438 est.
369 4370 512 4455 Quinam
526 4374 728 4440 minorennis
753 4372 939 4440 censendus
952 4371 1004 4438 val
1019 4371 1270 4439 minorenuibus
1280 4369 1391 4456 quoad

143 4456 318 4526 relationes
337 4458 498 4547 juridicas
521 4461 787 4551 aequiparandus
812 4460 868 4539 sit,
889 4458 989 4547 juxta
1024 4457 1132 4546 legem
1178 4462 1393 4528 Austriacam

144 4543 388 4632 dijudicandum
421 4549 525 4615 venit.

235 4635 263 4720 ὃ.
284 4621 339 4704 42'.
363 4635 534 4706 Officialas
556 4637 680 4727 publici
705 4660 765 4707 nec
787 4657 860 4707 non
884 4635 917 4718 ii,
941 4635 999 4721 qui
1021 4634 1064 4703 ad
1110 4634 1253 4706 servitia
1297 4658 1397 4722 quae·

147 4769 346 4786 Μ

218 4835 235 4906 Ι1
253 4835 321 4894 Vide
339 4836 506 4894 Joannovits
522 4835 573 4892 Jns
591 4835 662 4892 Eccl.
687 4835 784 4908 Neopl.
806 4833 886 4890 1841.
907 4833 989 4892 Tom.
1009 4833 1034 4888 1.
1054 4849 1081 4907 p.
1103 4835 1163 4892 159.

217 4907 293 4978 ’ille
312 4911 414 4982 Synod.
434 4910 520 4966 dioec.
540 4909 568 4964 L.
588 4909 645 4964 Xll.
667 4907 731 4980 Cap.
751 4905 794 4964 1v.

1279 4993 1331 5056 18*
