3426 5368
778 327 983 432 mr..

251 555 311 723 ppt
320 554 505 704 1sssrrpppctrrte
525 553 588 723 put
611 548 773 615 inhabiles
814 549 963 636 reputari
995 549 1164 630 deberent,
1201 550 1333 637 probari
1369 546 1501 636 nequit.

288 687 295 703 .
386 686 393 704 .
437 659 477 704 ns
496 658 523 703 r.
1246 650 1250 659 '

251 817 286 910 ξ.
313 812 409 894 213.
438 813 502 895 Do
525 811 774 917 juramento
812 757 1048 917 conjugum
1091 811 1148 894 ad
1186 799 1504 916 probationem.

345 957 370 1026 J
371 964 580 1026 uramentum
593 963 645 1026 est
657 957 742 1044 legis
754 959 932 1026 remedium
946 958 1187 1047 suppletorium
1205 979 1243 1025 ao
1255 955 1504 1042 subsidiarium,

251 1068 289 1113 eo
312 1047 399 1133 quod
422 1054 559 1136 propter
582 1046 814 1135 probationum
838 1047 981 1135 inopiam
1014 1046 1202 1126 adhibetur,
1237 1045 1324 1134 quod
1348 1045 1382 1112 in
1405 1049 1505 1113 unico

251 1156 329 1222 casu
352 1155 412 1223 per
433 1133 592 1223 conjuges
615 1133 803 1220 depositum
824 1135 955 1237 plenam
995 1134 1225 1224 probationem
1259 1132 1374 1213 efficit,
1412 1134 1506 1201 vide·

251 1221 350 1289 licet:
374 1222 506 1312 quando
528 1231 589 1288 aut
611 1223 787 1310 probatum
805 1230 860 1302 sit,
884 1220 1287 1289 matrimoniumnondum
1300 1243 1505 1288 consumma-

250 1315 322 1376 tum
346 1333 428 1391 esse,
451 1315 509 1377 aut
532 1310 700 1377 nullitatis
724 1310 942 1378 declarandae
972 1311 1092 1399 petitio
1117 1311 1207 1376 intra
1242 1314 1311 1375 tres
1346 1310 1506 1376 amatri-

251 1401 358 1465 monio
382 1403 553 1465 contracto
576 1419 680 1464 annos
702 1404 917 1486 proponatur,
942 1398 1106 1487 simulque
1119 1398 1162 1464 im
1189 1396 1351 1464 otentiam
1375 1397 1504 1480 adesse,

250 1509 315 1553 non
338 1492 472 1553 tanturn
495 1486 536 1553 ab
560 1491 701 1572 utroque
725 1485 865 1574 conjuge
888 1495 1107 1567 asseveretur,
1131 1419 1190 1554 sall
1206 1484 1306 1552 etiam
1330 1506 1350 1550 a
1373 1485 1506 1552 duobus

251 1574 299 1641 rei
321 1573 440 1662 peritis
463 1573 529 1640 fide
552 1573 663 1661 dignis
686 1595 751 1663 qua
774 1574 873 1639 valde
896 1574 1076 1642 verisimile
1099 1574 1305 1654 adstruatur,
1337 1573 1399 1640 tali
1423 1595 1506 1640 casu

250 1662 279 1728 si
303 1661 460 1748 conjuges
481 1685 542 1752 per
565 1661 744 1729 triennium
758 1662 849 1729 vitae
862 1661 1063 1729 consortium
1089 1659 1369 1742 continuaverint,
1394 1666 1431 1728 et
1454 1666 1506 1729 ta-

251 1773 324 1816 men
348 1749 596 1817 matrimonium
631 1770 858 1816 consummare
892 1773 958 1818 non
992 1751 1132 1837 possint,
1166 1753 1328 1815 renovata
1361 1747 1505 1816 divortii

250 1837 411 1926 petitione
431 1837 688 1926 juramentuma
711 1837 905 1924 conjugibus
922 1838 962 1906 de
974 1837 1172 1905 existentiae
1184 1836 1505 1926 impotentiaeprae·

251 1925 369 1992 stitum
393 1926 525 2014 plenam
548 1925 777 2014 probationem
801 1926 907 1993 efficit
929 1926 1044 2013 (Instr.
1062 1931 1080 2012 ξ
1097 1925 1185 2012 175.)
1209 1947 1313 2006 secus,
1336 1924 1505 2012 jusjuran-

251 2011 371 2080 duma
395 2014 591 2101 conjugibus
612 2013 812 2166 praestitum
836 2035 939 2099 aeque
962 2036 1000 2082 ac
1023 2013 1199 2080 eorundem
1232 2011 1393 2080 confessio
1429 2035 1505 2164 pro·

250 2101 419 2168 bationem
453 2101 494 2168 de
524 2104 610 2190 impe
634 2101 758 2168 imento
793 2102 983 2170 obtinente,
1005 2100 1219 2204 suppeditare
1253 2109 1312 2167 aut
1346 2122 1432 2204 supp
1447 2122 1504 2204 ere

250 2189 374 2278 nequit.
399 2189 487 2275 (169.
510 2189 629 2280 lustr.)
653 2189 719 2256 Pro
742 2190 952 2256 matrimonio
975 2195 1088 2257 autem
1111 2195 1332 2272 iuramentum
1349 2210 1504 2276 conpugrs

251 2277 451 2344 matrimonii
480 2279 626 2344 valorem
650 2279 831 2344 asserentis
866 2300 930 2366 qua
964 2278 1114 2366 probatio
1149 2277 1284 2344 admitti
1313 2284 1436 2364 potest,
1471 2277 1504 2344 si

249 2364 476 2607 iImptedRimenti
500 2372 621 2433 natura
644 2365 819 2452 prohibeat
840 2387 880 2432 ne
903 2389 942 2434 ex
965 2365 1076 2432 officio
1114 2365 1323 2453 procedatur.
1358 2367 1390 2450 (ἓ
1426 2363 1502 2432 171.

271 2476 308 2518 ns
328 2475 353 2519 r.

332 2553 333 2558 ’
366 2539 570 2629 aquantum
594 2562 673 2607 vero
696 2541 737 2607 ad
762 2541 964 2629 probandam
988 2541 1283 2620 circumstantiam,
1316 2561 1423 2628 aqna
1443 2539 1504 2630 jus

251 2629 498 2700 matrimonium
521 2628 698 2695 accusandi
722 2628 895 2718 dependet,
931 2628 1163 2716 jusjurandum
1197 2627 1349 2715 conjugis
1385 2629 1504 2697 matri·

251 2717 395 2783 monium
417 2717 607 2783 ¹accusantis
629 2717 762 2784 admitti
786 2718 902 2806 possit,
927 2717 1076 2785 tribunal
1103 2715 1348 2782 matrimoniale
1373 2716 1408 2782 in
1432 2720 1504 2784 sin·

250 2803 341 2890 gulis
365 2803 497 2870 casibus
521 2805 788 2892 perpendendum
834 2812 868 2872 et
914 2805 1154 2891 decernendum
1193 2803 1305 2870 habet.
1354 2804 1397 2892 (ξ.
1423 2804 1502 2874 170.

251 2891 368 2974 Instr.)
392 2891 496 2980 Cujus
518 2913 599 2958 usus
623 2892 694 2960 fieri
724 2897 835 2978 potest
858 2896 961 2960 relate
978 2891 1019 2958 ad
1037 2892 1307 2981 impedimentum
1321 2891 1503 2980 ligaminis,

252 2978 329 3047 dum
353 2979 406 3066 jus
430 2978 607 3046 accusandi
633 2982 877 3046 matrimonium
901 2981 991 3069 parti
1015 2987 1147 3047 tantum
1172 2983 1366 3046 innocenter
1395 2979 1501 3068 impe·

251 3067 432 3135 dimentum
457 3067 626 3154 ignoranti
651 3071 810 3157 competit
823 3068 1032 3155 (Kutschker
1047 3068 1139 3134 Tom.
1163 3066 1228 3134 ΠΙ.
1253 3069 1280 3152 ᾖ.
1302 3066 1391 3154 129.)
1414 3070 1500 3136 item

251 3155 357 3221 relate
380 3153 423 3220 ad
446 3154 717 3242 impedimentum
741 3157 792 3224 vis
816 3164 850 3225 et
874 3162 992 3238 metus,
1017 3156 1094 3222 dnm
1115 3156 1171 3244 jus
1195 3154 1371 3222 accusandi
1386 3158 1505 3224 matri·

252 3244 396 3310 monium
421 3243 487 3310 vim
511 3251 571 3310 aut
596 3249 719 3311 metum
742 3267 840 3333 passo
864 3252 996 3312 tantum
1019 3250 1101 3311 tunc
1116 3244 1284 3331 competit,
1295 3242 1324 3308 si
1335 3242 1403 3331 juri
1413 3245 1504 3328 huic,

251 3337 401 3398 cessante
425 3335 460 3397 vi
481 3339 515 3398 et
540 3338 630 3398 metu
652 3349 713 3420 per
735 3340 951 3420 spontaneam
975 3332 1255 3401 cohabitationem
1278 3337 1338 3398 aut
1349 3333 1505 3420 copulam

251 3420 375 3487 affectu
397 3419 544 3486 maritali
568 3421 798 3487 continuatam
821 3445 887 3487 non
910 3421 1157 3505 renunciasset,
1182 3419 1439 3506 insuperrelate
1457 3422 1505 3488 ad

252 3530 446 3574 consensum
471 3507 736 3575 conditionatum
761 3509 794 3574 in
820 3509 1075 3588 matrimonium,
1100 3507 1207 3593 (Idem
1230 3509 1257 3593 ξ.
1283 3507 1372 3594 245.)
1407 3507 1504 3576 deni-

251 3618 314 3685 que
336 3597 442 3662 relate
465 3595 586 3682 adjus
610 3597 788 3663 accusandi
812 3597 847 3662 in
872 3597 1083 3664 matrimonio
1128 3617 1187 3683 per
1232 3597 1504 3683 procurationem

145 3715 150 3727 ·
252 3689 433 3751 contracto.
458 3684 565 3772 (idem
588 3687 615 3771 ἓ.
640 3685 714 3752 248.
738 3685 819 3752 Nro.
846 3686 891 3772 2.)

329 3863 363 3957 ξ.
392 3859 489 3944 214.
517 3863 581 3942 De
608 3862 885 3944 conclusione
912 3885 1142 3966 processus
1166 3858 1420 3963 probatorii.

346 3984 531 4052 Instructio
554 4007 614 4073 pro
638 3985 875 4052 Tribunalibus
897 3985 1104 4074 praescripta
1126 3985 1234 4069 quoad
1258 3983 1504 4052 conclusionem

250 4093 425 4162 processus
448 4074 631 4160 probatorii
654 4076 680 4160 §-
707 4074 781 4140 176.
804 4074 1019 4162 praescribit:
1049 4073 1233 4153 ,Absoluto
1257 4093 1414 4160 processu
1426 4094 1504 4160 pro·

255 4160 404 4242 ,batorio
428 4161 585 4248 conjuges
609 4163 852 4250 etquicunque
885 4161 1130 4228 matrimonium
1176 4157 1393 4240 accusaverit,
1439 4182 1504 4228 nec

256 4271 337 4331 ,non
361 4249 527 4316 Defensor
550 4251 753 4316 matrimonii
777 4250 931 4316 monendi
955 4255 1036 4316 sunt
1059 4246 1099 4315 de
1122 4271 1170 4330 ec,
1194 4271 1259 4337 quo
1273 4248 1403 4336 pollent
1410 4247 1502 4334 jure,

256 4337 308 4419 ,in
328 4336 497 4424 hucusque
520 4345 595 4404 acta
618 4337 916 4405 animadvertendi.
939 4336 1164 4424 Exceptiones
1187 4339 1215 4403 si
1247 4358 1329 4425 quas
1352 4334 1504 4404 habeant

256 4429 362 4506 ,intra
386 4425 555 4491 octiduum
578 4434 775 4528 proponant.
801 4425 947 4493 Ratione
971 4425 1103 4514 quidem
1127 4423 1286 4491 domicilii
1319 4425 1501 4490 interesse-

256 4520 386 4593 ,torum
408 4513 572 4580 terminus
595 4513 727 4602 qmdem
751 4513 804 4580 hio
827 4514 1018 4602 prolongari
1049 4519 1172 4601 potest,
1218 4513 1266 4578 ita
1313 4517 1434 4589 tamen,
1460 4519 1504 4582 ut

256 4600 380 4688 ,major
402 4623 500 4690 quam
524 4603 712 4669 necessaria
734 4603 779 4668 sit
804 4623 893 4668 mora
916 4625 978 4668 non
1005 4599 1232 4669 concedatur.‘
1260 4600 1346 4666 Item
1369 4604 1398 4684 ξ.
1424 4598 1501 4668 177.

251 4687 300 4753 Et
322 4688 471 4757 tribunal
495 4689 741 4758 matrimoniale
764 4698 799 4756 et
822 4690 1026 4758 matrimonii
1051 4689 1205 4756 defensor
1229 4711 1270 4754 ex
1293 4687 1402 4754 officio
1442 4709 1503 4754 eas
