3426 5368
780 481 984 490 —-—-——-·--·-—-

259 735 294 830 §.
341 729 436 814 239.
476 732 768 814 Pertractatio
810 733 975 815 Causae
1015 670 1306 836 separationis
1344 756 1371 813 a
1411 731 1509 813 tore

771 861 815 939 et
841 882 1000 940 mensa.

241 1083 245 1090 ι
354 1004 451 1070 Actia
474 1024 646 1092 processus
670 1003 851 1090 probatorii
876 1005 1036 1071 tribunali
1059 1003 1295 1070 matrimoniali
1317 1001 1513 1090 propositis,

258 1091 477 1178 protocollum
523 1094 680 1156 examinis
726 1092 862 1157 testium
908 1094 1059 1182 partibus
1095 1091 1147 1158 vel
1173 1090 1429 1178 praelegendum
1455 1089 1514 1156 vel

258 1181 381 1266 scripto
405 1179 705 1246 communicandum
730 1186 799 1264 est;
846 1184 872 1246 si
911 1182 1097 1248 consultum
1128 1203 1147 1246 a
1182 1180 1230 1247 rei
1252 1181 1370 1266 peritis
1394 1178 1516 1246 datum

258 1266 369 1348 luerit,
396 1268 436 1333 de
459 1266 558 1353 hujus
580 1270 707 1354 pariter
731 1274 845 1334 tenore
869 1269 1084 1336 instruendae
1107 1273 1195 1334 sunt.
1221 1267 1349 1350 Quibus
1366 1269 1515 1354 peractis

160 1424 162 1434 Ι
258 1354 353 1420 ambo
377 1355 533 1442 conjuges
557 1359 752 1422 commoneri
776 1355 907 1438 debent,
932 1363 970 1424 ut
1002 1357 1042 1424 dc
1066 1359 1201 1422 testium
1248 1354 1515 1442 depositionibus

260 1442 312 1508 vel
334 1446 564 1531 roiperitorum
603 1444 764 1510 consultis
809 1467 926 1512 sensus
971 1467 1048 1512 suos
1071 1451 1247 1532 exponant.
1294 1443 1330 1509 Si
1353 1465 1441 1510 nova
1465 1444 1516 1507 in·

258 1536 454 1611 strumenta,
494 1531 546 1596 vel
585 1532 625 1597 de
656 1534 896 1613 instrumentis,
939 1555 1022 1622 quae
1055 1532 1089 1598 in
1120 1531 1332 1619 inquisitione
1372 1531 1516 1618 praevia

259 1619 368 1686 dubiis
414 1619 551 1686 obnoxia
579 1622 803 1701 remanebant,
839 1643 942 1688 novas
986 1621 1199 1709 probationes
1243 1619 1396 1699 afferant,
1433 1640 1515 1705 pars

258 1707 450 1774 adversaria
473 1707 536 1772 hac
571 1707 610 1774 dc
644 1731 680 1773 re
715 1708 877 1774 audienda
900 1715 961 1775 est.
1009 1708 1181 1777 Confessio
1205 1707 1366 1794 conjugis,
1392 1713 1516 1772 contra

280 1817 353 1861 uem
377 1796 597 1881 separationis
621 1796 708 1862 actio
749 1800 946 1878 intentatur,
982 1797 1113 1885 plenam
1141 1795 1247 1862 efficit
1270 1795 1514 1882 probationem.

258 1817 376 1964 broad
396 1883 620 1970 juramentum
656 1883 832 1972 conjugum
873 1885 1112 1952 observandum
1137 1891 1198 1964 est,
1221 1883 1401 1968 ingerere
1424 1881 1516 1948 illud

257 1977 339 2037 tunc
383 1975 514 2036 tantum
561 1972 694 2037 admitti
739 1995 846 2060 posse,
874 1974 901 2039 si
926 1995 1021 2038 omne
1044 1971 1136 2038 aliud
1172 1971 1349 2037 veritatem
1374 1969 1517 2036 eruendi

257 2059 400 2125 medium
447 2058 612 2140 deficeret,
653 2068 687 2124 et
722 2063 761 2126 ob
797 2062 980 2127 animorum
1026 2061 1318 2139 exacerbationem,
1343 2057 1453 2146 qualis
1478 2059 1515 2124 in

258 2147 434 2233 conjugum
460 2145 577 2213 lilibus
601 2148 750 2214 oblinere
788 2150 882 2229 solet,
916 2148 1207 2236 nullurnperiurii
1230 2146 1412 2234 periculum
1437 2147 1513 2212 snb-

258 2244 419 2301 uersetur.
445 2234 561 2320 (instr.
586 2240 613 2318 β.
637 2236 835 2321 aso-233.)
882 2237 916 2302 si
952 2237 1070 2322 conjnx
1104 2237 1138 2300 in
1178 2235 1271 2301 litem
1296 2235 1421 2301 citatus
1448 2257 1515 2300 non

258 2328 456 2409 compareat,
480 2324 522 2388 ad
546 2325 797 2411 comparendum
823 2325 978 2390 invocata
995 2325 1094 2392 etiam
1120 2324 1310 2390 assistentia
1328 2322 1516 2410 potestatis

258 2411 367 2476 civilis
391 2411 634 2498 compellendus
670 2419 742 2497 est;
766 2417 798 2478 in
823 2414 931 2478 causis
954 2421 1066 2479 autem
1090 2412 1277 2479 malitiosae
1300 2409 1513 2491 desertionis,

258 2499 292 2564 in
315 2501 421 2587 prima
445 2500 559 2566 statim
585 2501 743 2569 citatione
778 2501 908 2567 absenti
932 2523 991 2588 pro
1025 2500 1156 2566 ratione
1180 2499 1514 2566 circumstantiarum

257 2588 464 2674 praefigatur
486 2591 656 2668 terminus,
680 2596 720 2654 ut
743 2588 785 2654 ad
810 2611 969 2654 summum
995 2591 1082 2656 intra
1110 2612 1233 2654 annum
1257 2595 1290 2654 et
1314 2587 1400 2653 diem
1423 2608 1514 2652 com·

256 2682 560 2763 parereteneatur.
586 2675 712 2758 Quodsi
736 2677 882 2743 nbicatio
906 2677 977 2764 ejus
1000 2677 1117 2764 ignota
1141 2677 1196 2757 sit,
1210 2697 1268 2764 per
1281 2673 1514 2762 ephemerides

257 2763 408 2850 publicas
454 2764 608 2831 citandus
643 2772 704 2831 eat.
752 2765 879 2847 Quodsi
919 2772 1030 2832 tamen
1066 2787 1131 2832 uon
1178 2770 1366 2853 compareat
1408 2761 1516 2850 juxta

257 2855 285 2936 ξ.
310 2851 382 2918 145.
406 2852 509 2918 Instr.
547 2853 788 2940 procedendum
812 2859 847 2919 et
870 2875 970 2919 cansa
1006 2853 1196 2921 decidenda.

335 3031 368 3127 ξ.
398 3027 494 3112 240.
523 3030 585 3110 De
613 3028 838 3114 Sententia
874 3031 921 3111 in
950 3031 1100 3113 Causis
1128 3029 1429 3133 separationis.

352 3174 474 3242 Relate
499 3175 540 3242 ad
563 3179 760 3243 sententiam
795 3177 1076 3265 pronunciandam
1108 3177 1222 3242 eadem
1245 3175 1375 3242 ratione
1398 3195 1516 3262 prooe-

176 3345 179 3352 ,
257 3262 400 3330 dandum
424 3269 476 3330 est
497 3270 599 3352 prout
621 3265 656 3330 in
681 3266 1037 3346 causisvincularibus,
1063 3271 1138 3331 acta
1163 3266 1336 3332 causacio
1360 3262 1514 3329 rotulum

257 3373 316 3417 seu
338 3374 439 3417 unum
464 3354 618 3420 volumen
650 3362 886 3441 congeruntur,
932 3359 1131 3441 acceptoque
1161 3374 1307 3430 numero,
1331 3349 1515 3418 Referenti

257 3439 485 3522 extradantur,
511 3441 567 3529 qui
591 3448 776 3508 extractum
801 3465 920 3509 causae
944 3464 1016 3508 cum
1053 3448 1131 3508 voto
1154 3439 1316 3508 tribunali
1339 3439 1513 3527 proponit,

256 3547 294 3592 ac
317 3530 348 3592 in
373 3549 437 3615 quo
461 3535 657 3595 conventum
683 3536 743 3610 est,
768 3529 797 3597 si
821 3531 1005 3618 Episcopus
1029 3530 1185 3610 voluerit,
1210 3551 1283 3595 cum
1307 3549 1344 3594 eo
1368 3548 1516 3593 commu·

257 3614 399 3681 nicatur.
425 3619 466 3702 (ξ.
492 3617 640 3702 237.)1n
666 3619 784 3706 quavis
819 3627 929 3684 autem
960 3619 1128 3685 sententia
1162 3619 1403 3705 separationem
1434 3637 1516 3704 pro·

257 3705 436 3769 nunciante
460 3706 645 3771 necessario
668 3707 860 3790 requiritur,
885 3708 986 3794 (quod
1010 3711 1042 3771 in
1066 3706 1174 3772 causis
1199 3703 1426 3771 vincularibus
1441 3724 1515 3770 non

257 3791 401 3878 obtinet)
424 3797 464 3857 ut
487 3794 700 3879 exprimatur,
740 3817 782 3860 an
813 3817 912 3861 cansa
954 3793 1185 3884 separationis,
1221 3798 1385 3878 quatenus
1409 3791 1514 3878 culpa

256 3880 286 3945 ei
310 3879 402 3960 insit,
427 3881 485 3946 uni
520 3885 653 3947 tantum
688 3883 739 3950 vel
770 3885 928 3949 ambabus
973 3883 1127 3970 partibus
1172 3882 1332 3969 imputari
1377 3878 1512 3945 debeat.

257 3967 384 4050 Quodsi
408 3991 446 4034 ex
470 3970 614 4057 peractis
638 3969 777 4051 eluceat,
802 3977 931 4057 patrem
956 3971 1007 4037 vel
1033 3981 1172 4036 matrem
1195 3974 1332 4058 propter
1356 3965 1513 4034 defectus

255 4067 396 4122 morales
436 4079 501 4122 non
525 4080 579 4124 eos
604 4080 685 4139 esse,
710 4059 766 4150 qui
786 4059 842 4146 jus
867 4060 1071 4126 educationis
1095 4059 1136 4124 iis
1160 4063 1348 4145 competens
1371 4057 1405 4120 in
1428 4055 1514 4122 libe-

255 4166 366 4210 rorum
390 4144 533 4233 salutern
558 4169 708 4214 exercere
732 4151 869 4235 possint,
894 4146 987 4213 istud
1010 4169 1139 4234 quoque
1162 4149 1195 4211 in
1219 4146 1385 4212 sententia
1401 4144 1514 4232 expri-

256 4235 408 4299 mendum
434 4240 494 4299 est.
521 4233 564 4322 (ξ.
599 4235 671 4301 238.
696 4235 813 4322 Instr.)
858 4235 1080 4302 Peculiariter
1116 4240 1227 4301 autem
1265 4231 1512 4299 observandum

256 4328 317 4402 est,
342 4321 429 4410 quod
454 4322 531 4392 dum
555 4323 590 4388 in
614 4325 721 4390 causis
756 4324 982 4390 vincularibus
1013 4323 1114 4389 etiam
1139 4321 1305 4389 rationum
1331 4325 1511 4403 momenta,

256 4411 439 4494 exquibus
463 4411 665 4478 subversana
688 4411 960 4499 impedimentum
986 4411 1143 4478 dirimens
1167 4433 1226 4500 pro
1250 4409 1399 4496 legitime
1423 4431 1513 4474 oom-

255 4498 395 4582 probato
421 4520 477 4585 per
500 4498 646 4564 tribunal
694 4500 937 4566 matrimoniale
982 4500 1189 4579 enunciatur,
1217 4498 1259 4563 ad
1289 4496 1512 4584 quietandum

256 4589 382 4650 statum
426 4587 596 4673 publicum
641 4589 785 4674 genuine
831 4587 1043 4674 exprimenda
1077 4593 1166 4668 sunt,
1200 4586 1235 4652 id
1268 4587 1302 4653 in
1326 4584 1512 4653 sententiis

255 4673 475 4772 separationis
521 4675 629 4763 quoad
653 4681 762 4742 torum
800 4681 835 4743 et
866 4698 1009 4741 mensam
1034 4697 1098 4741 non
1126 4677 1332 4760 requiratur;
1358 4673 1415 4740 scd
1439 4674 1512 4740 suf-

256 4757 348 4826 ficiat
371 4782 469 4829 causa
492 4764 713 4850 separationis
737 4767 886 4852 exposita
910 4764 1093 4850 exprimere
1119 4788 1146 4829 ν.
1172 4787 1203 4849 g.
1230 4763 1393 4846 Quoniam
1407 4761 1512 4848 plene
