3464 5366
298 537 367 601 siae
390 535 424 601 in
448 537 559 616 Petro,
584 537 721 624 ejusque
744 559 878 632 munere
901 535 1102 604 universalis
1127 536 1296 604 Ecclesiae
1318 535 1484 617 Doctoris,
1508 543 1544 603 et

296 622 492 712 principalis
515 625 758 696 Gubernatoris
782 626 971 692 conservari
994 625 1151 705 voluisse,
1194 624 1294 713 juxte
1337 622 1544 711 Cyprianum

298 711 485 778 dicentem:
511 711 714 795 „Exordium
737 712 778 779 ab
803 714 934 780 unitate
957 712 1189 802 proficiscitur,
1214 723 1246 779 et
1259 711 1430 780 Primatus
1440 712 1544 779 Petro

281 799 408 883 datur,
432 805 472 867 ut
494 821 562 868 una
585 800 713 869 Christi
736 800 896 881 Ecclesia,
921 806 956 867 et
978 823 1044 867 una
1067 801 1226 868 cathedra
1248 799 1544 868 monstretur‘Et

301 887 334 976 S.
354 886 623 976 Hieronymum:
649 895 845 978 „propterea
854 909 940 956 unus
951 891 1040 956 inter
1062 888 1233 957 duodecim
1250 887 1478 970 constituitur,
1503 895 1544 956 ut

297 977 406 1063 capite
429 979 614 1042 constituto
635 976 826 1044 schismatis
849 977 993 1045 tollatur
1016 977 1176 1044 occasio.“
1201 978 1308 1061 Atqui
1330 975 1444 1042 unitas
1480 975 1543 1044 Ec-

297 1063 425 1143 clesiae,
449 1071 609 1150 perpetua
633 1069 734 1150 atque
756 1064 946 1132 essentialis
969 1070 1021 1131 ιιι
1043 1063 1212 1132 Ecclesiae
1234 1072 1324 1146 nota,
1335 1063 1434 1153 juxta
1446 1063 1543 1153 Sym·

296 1150 425 1218 bolum:
473 1150 598 1232 „Credo
632 1152 667 1218 in
691 1175 800 1234 unam,
825 1159 985 1234 sanctam,
1010 1152 1218 1234 catholicam,
1255 1157 1290 1219 ιι
1325 1151 1542 1241 apostolicam

295 1238 523 1324 Ecclesiam“;
545 1261 636 1326 ergo,
660 1244 700 1307 ut
723 1240 872 1308 Ecclesia
896 1263 1024 1330 semper
1045 1262 1111 1308 una
1135 1241 1191 1322 sit,
1215 1243 1315 1307 etiam
1360 1239 1542 1322 Primatus,

295 1332 463 1415 tamquam
487 1328 633 1395 conditio
657 1330 727 1396 sins
750 1351 815 1413 qua
837 1350 913 1410 non,
937 1334 1118 1419 perpetuus
1141 1349 1214 1396 esse
1247 1327 1356 1396 dehet.
1379 1325 1460 1394 Ideo
1482 1329 1544 1395 ubi

296 1413 428 1496 Petrus,
453 1414 499 1481 ibi
522 1437 651 1504 semper
674 1416 740 1484 erit
762 1421 797 1482 et
820 1416 945 1484 Christi
967 1416 1128 1498 Ecclesia,
1153 1415 1248 1505 cujus
1260 1417 1431 1484 criterium
1447 1415 1542 1482 Prin·

295 1524 372 1592 ceps
396 1503 633 1591 Apostolorum
657 1506 692 1570 in
715 1505 960 1572 successoribus
983 1507 1053 1572 suis
1075 1525 1207 1593 semper
1228 1504 1347 1570 vivens
1370 1509 1463 1571 estet
1475 1503 1542 1571 erit

295 1612 398 1676 usque
421 1589 464 1656 ad
487 1594 801 1661 consummationem
823 1594 956 1660 saeculi.
980 1593 1163 1682 Propterea
1186 1591 1219 1659 S.
1237 1591 1448 1682 Cyprianus:
1472 1591 1543 1676 Qui

295 1677 487 1745 cathedram
510 1678 614 1761 Petri,
638 1702 739 1769 supra
756 1689 856 1768 'quem
880 1680 1022 1748 fundata
1056 1692 1108 1748 est
1138 1680 1298 1760 Ecclesia,
1335 1678 1470 1760 deserit,
1505 1681 1540 1745 in

293 1765 445 1837 Ecclesia
468 1787 504 1834 sa
526 1789 598 1834 esse
621 1768 894 1855 nonconfidats)
953 1776 955 1787 ’
1085 1765 1114 1798 ”
1239 1795 1242 1803 ·

294 1946 330 2040 §.
361 1943 430 2024 61.
458 1944 582 2026 Petri
608 1945 829 2050 Principis
855 1945 1163 2050 Apostolorum
1188 1945 1236 2035 in
1263 1907 1543 2027 cathedraet

402 2093 584 2151 munere
612 2093 836 2160 successor
873 2075 939 2154 ιιι
964 2073 1186 2154 Romanus
1209 2070 1429 2152 Pontifex.

389 2215 557 2283 Romanos
578 2214 761 2284 Pontifices
784 2213 872 2284 solos
895 2222 1010 2285 tenere
1033 2217 1225 2284 cathedram
1248 2216 1418 2283 Primatus
1435 2215 1540 2299 Petri,

292 2302 523 2392 eosquesolos
548 2326 620 2372 esse
642 2305 792 2372 Petri'in
818 2328 953 2373 munere
976 2309 1094 2373 summi
1117 2304 1289 2373 Ecclesiae
1301 2304 1453 2372 Pastoris
1467 2327 1540 2374 suc
1620 2327 1628 2341 ·

291 2414 446 2474 cessores,
470 2391 584 2460 nullus
608 2392 784 2474 diffitetur,
808 2395 874 2460 nisi
896 2397 950 2479 qui
975 2399 1081 2461 totam
1105 2392 1280 2460 historiam
1289 2391 1444 2479 ignorare
1452 2391 1539 2460 vult.

290 2480 361 2548 Nec
383 2479 472 2548 ullus
495 2480 584 2549 alter
605 2480 812 2563 Patriarcha,
836 2481 891 2549 vel
913 2482 1107 2571 Episcopus,
1119 2503 1179 2550 nec
1191 2482 1431 2562 Antiochenus,
1443 2480 1540 2570 cujus

173 2637 175 2642 ,
290 2573 402 2636 tamen
424 2566 533 2637 sedem
557 2569 680 2636 Petrus
702 2570 831 2659 primus
854 2571 974 2651 tenuit,
997 2570 1093 2639 Petri
1117 2568 1309 2638 cathedram
1343 2575 1379 2636 et
1418 2590 1540 2636 munus

290 2656 352 2722 sibi
375 2676 533 2742 arrogare
555 2657 788 2747 praesumpsit,
813 2679 911 2743 quam
934 2659 1105 2726 Romanus
1127 2657 1294 2738 Pontifex,
1314 2677 1411 2745 quem
1431 2657 1540 2724 solnm

289 2743 488 2811 universalis
511 2744 637 2813 Christi
660 2745 812 2814 Ecclesia
834 2745 980 2814 muneris
1002 2745 1172 2813 Primatus
1206 2767 1225 2811 a
1264 2743 1397 2814 Christo
1431 2743 1536 2812 Petro

289 2831 404 2900 collati
427 2853 659 2914 successorem,
684 2839 719 2900 et
741 2833 894 2901 heredem
918 2834 1067 2923 agnovit.
1099 2833 1180 2901 Ideo
1193 2832 1251 2900 SS.
1274 2833 1395 2900 Patres
1418 2832 1539 2900 Roma·

289 2941 368 2996 num
389 2919 585 2987 Pontificem
608 2920 795 3010 appellant:
819 2927 950 3011 petram
971 2922 1141 2990 Ecclesiae
1163 2921 1389 3010 principalem,
1403 2920 1539 2989 ¹Roma·

288 3029 365 3075 nam
386 3007 586 3077 Ecclesiam:
622 3008 848 3078 Ecclesiarum
871 3009 1017 3077 omnium
1040 3016 1188 3091 matrem,
1213 3014 1248 3077 et
1271 3030 1313 3076 ex
1335 3030 1401 3098 qua
1423 3010 1538 3077 unitas

288 3095 506 3165 sacerdotalis
529 3101 645 3165 exorta
667 3103 739 3183 est:
763 3097 947 3165 Ecclesiam
970 3100 1201 3186 potentiorem,
1226 3119 1378 3184 cumque
1400 3119 1540 3166 necesse

287 3189 340 3252 est
362 3187 537 3254 convenire
560 3207 681 3267 omnes,
705 3188 761 3270 qui
784 3192 863 3252 sunt
885 3185 1031 3271 undique
1054 3185 1193 3271 fideles,
1217 3184 1314 3252 Petri
1332 3184 1537 3268 cathedram,

287 3277 404 3340 contra
426 3294 525 3358 quam
546 3295 715 3364 nunquam
737 3273 984 3376 praevaliturae
1006 3282 1086 3342 sunt
1094 3274 1257 3363 superbae
1265 3272 1388 3342 inferni
1400 3279 1537 3362 portae;

286 3360 1035 3537 lllltlllltl,lllttllldttlll
1058 3361 1415 3538 tlfiltlttlaffl
1429 3360 1539 3517 ilfi

286 3536 418 3626 aliaque
440 3544 596 3607 sexcenta
618 3473 779 3627 eiusmodi
801 3474 935 3626 patrurh
959 3472 1329 3627 effatasitrerroaih),
1342 3499 1462 3628 quihhs
1471 3501 1538 3606 1:03

285 3647 415 3692 manem
438 3625 565 3707 Sedem,
590 3648 650 3694 seu
692 3625 879 3693 Romanum
923 3626 1140 3694 Pontificem:
1185 3625 1337 3695 Unitatis
1368 3631 1531 3708 centrum,

219 3724 221 3731 '
284 3713 428 3780 unitatis
451 3714 622 3800 originem,
646 3713 758 3780 sedem
780 3714 998 3803 apostolicam
1021 3735 1082 3804 per
1103 3715 1316 3782 eminentiam
1338 3713 1536 3804 appellant:

285 3802 532 3870 firmamentum
554 3824 574 3868 a
596 3801 689 3869 DEO
712 3803 860 3871 fixumet
874 3802 1049 3883 immobile,
1063 3801 1266 3891 Episcopum
1281 3801 1535 3893 Episcoporum,

284 3891 420 3958 Patrem
443 3890 582 3958 Petrum
608 3897 669 3957 ιιι.
689 3889 898 3977 apertissime
921 3893 1088 3972 evincunt,
1122 3894 1274 3977 agnitum
1296 3912 1436 4046 semper,
1460 3912 1536 3957 con·

1389 4000 1443 4046 us,
1461 4000 1536 4066 eJus

284 4067 528 4135 successoribus
550 4072 830 4156 perseverantem,
854 4066 936 4135 adeo
973 4071 1013 4134 ut
1036 4072 1321 4140 monumentorum
1345 4067 1533 4154 omnigeno·

271 4176 357 4226 ,rum
380 4156 475 4244 copia
498 4153 605 4222 veluti
630 4154 841 4222 obruamur.“

379 4242 504 4311 Verum
529 4265 594 4310 non
616 4243 723 4310 solum
746 4243 848 4310 verbo
871 4246 906 4309 ιι
929 4241 1090 4323 doctrina,
1115 4243 1173 4312 sed
1197 4243 1299 4310 etiam
1321 4243 1411 4310 lactc
1430 4263 1533 4328 agno-

285 4329 337 4398 vit
359 4330 510 4399 Ecclesia
533 4330 773 4398 successionem
796 4329 939 4397 Romani
961 4330 1136 4398 Pontificis
1158 4334 1193 4398 in
1201 4330 1227 4401 J
1229 4329 1445 4401 urisdictione
1460 4329 1534 4398 Pri-

218 4446 221 4459 ·
285 4417 415 4487 matiali
435 4418 538 4487 Patri.
563 4419 618 4488 Ab
642 4418 777 4487 exordio
800 4438 941 4507 namque
964 4417 1134 4488 Ecclesiae
1157 4419 1432 4509 deprehendimus
1465 4440 1534 4487 mu·

285 3983 482 4068 stantesque
504 3978 618 4060 fuisse,
637 3978 817 4067 primatum
839 3977 931 4046 Petri
955 3981 990 4044 in
1012 3977 1173 4046 Romanis
1210 3977 1366 4046 Pontifici

359 4596 377 4665 ¹)
396 4595 456 4650 Vid.
475 4594 565 4650 Natal.
585 4596 662 4650 Alex.
683 4594 752 4650 Hist.
774 4593 877 4676 saeculi
896 4593 938 4649 13.
959 4599 986 4650 et
1006 4595 1047 4650 14.
1068 4596 1177 4651 dissert.
1200 4595 1242 4650 12.

358 4668 378 4738 ²)
397 4669 518 4725 Perrone
535 4667 737 4737 Theolog.D0g.
758 4667 797 4722 De
816 4667 886 4722 loc1s
906 4667 1036 4736 Theolcg.
1057 4685 1082 4737 p.
1102 4667 1162 4722 282.
