<?xml version="1.0" encoding="UTF-8"?>
<!DOCTYPE html PUBLIC "-//W3C//DTD XHTML 1.0 Transitional//EN"
    "http://www.w3.org/TR/xhtml1/DTD/xhtml1-transitional.dtd">
<html xmlns="http://www.w3.org/1999/xhtml" xml:lang="en" lang="en">
 <head>
  <title>
</title>
<meta http-equiv="Content-Type" content="text/html;charset=utf-8" />
  <meta name='ocr-system' content='tesseract 3.04.00' />
  <meta name='ocr-capabilities' content='ocr_page ocr_carea ocr_par ocr_line ocrx_word'/>
</head>
<body>
  <div class='ocr_page' id='page_1' title='image "./enchiridionjuri00pappgoog_0131.png"; bbox 0 0 3464 5366; ppageno 0'>
   <div class='ocr_carea' id='block_1_1' title="bbox 870 263 1028 367">
    <p class='ocr_par' dir='ltr' id='par_1_1' title="bbox 870 263 1028 367">
     <span class='ocr_line' id='line_1_1' title="bbox 870 263 1028 367; baseline -0.032 0"><span class='ocrx_word' id='word_1_1' title='bbox 870 263 1028 367; x_wconf 61' lang='lat'>...}99‚.-</span> 
     </span>
    </p>
   </div>
   <div class='ocr_carea' id='block_1_2' title="bbox 329 476 1582 1101">
    <p class='ocr_par' dir='ltr' id='par_1_2' title="bbox 329 476 1582 1101">
     <span class='ocr_line' id='line_1_2' title="bbox 329 476 1574 571; baseline -0.002 -23"><span class='ocrx_word' id='word_1_2' title='bbox 329 487 472 571; x_wconf 86' lang='lat' dir='ltr'>petente</span> <span class='ocrx_word' id='word_1_3' title='bbox 493 482 676 550; x_wconf 78' lang='lat' dir='ltr'>canonicali</span> <span class='ocrx_word' id='word_1_4' title='bbox 698 482 797 549; x_wconf 89' lang='lat' dir='ltr'>stallo</span> <span class='ocrx_word' id='word_1_5' title='bbox 820 482 945 550; x_wconf 90' lang='lat' dir='ltr'>sedent.</span> <span class='ocrx_word' id='word_1_6' title='bbox 971 482 1006 550; x_wconf 84' lang='lat' dir='ltr'>Si</span> <span class='ocrx_word' id='word_1_7' title='bbox 1040 476 1209 549; x_wconf 80' lang='lat' dir='ltr'>&#39;nonsint</span> <span class='ocrx_word' id='word_1_8' title='bbox 1232 481 1400 570; x_wconf 85' lang='lat' dir='ltr'>Canonioi,</span> <span class='ocrx_word' id='word_1_9' title='bbox 1447 480 1574 549; x_wconf 88' lang='lat' dir='ltr'>collare</span> 
     </span>
     <span class='ocr_line' id='line_1_3' title="bbox 337 569 1579 658; baseline -0.002 -21"><span class='ocrx_word' id='word_1_10' title='bbox 337 569 520 637; x_wconf 90' lang='lat' dir='ltr'>violaceum</span> <span class='ocrx_word' id='word_1_11' title='bbox 543 592 608 636; x_wconf 91' lang='lat' dir='ltr'>non</span> <span class='ocrx_word' id='word_1_12' title='bbox 631 570 798 656; x_wconf 89' lang='lat' dir='ltr'>competit.</span> <span class='ocrx_word' id='word_1_13' title='bbox 823 570 959 638; x_wconf 86' lang='lat' dir='ltr'>Sacrum</span> <span class='ocrx_word' id='word_1_14' title='bbox 982 577 1156 658; x_wconf 87' lang='lat' dir='ltr'>operantes</span> <span class='ocrx_word' id='word_1_15' title='bbox 1191 592 1210 636; x_wconf 91' lang='lat' dir='ltr'>a</span> <span class='ocrx_word' id='word_1_16' title='bbox 1245 569 1451 657; x_wconf 78' lang='lat' dir='ltr'>simplicibus</span> <span class='ocrx_word' id='word_1_17' title='bbox 1475 591 1579 636; x_wconf 90' lang='lat' dir='ltr'>sacer-</span> 
     </span>
     <span class='ocr_line' id='line_1_4' title="bbox 338 656 1579 746; baseline -0.002 -22"><span class='ocrx_word' id='word_1_18' title='bbox 338 658 469 725; x_wconf 90' lang='lat' dir='ltr'>dotibus</span> <span class='ocrx_word' id='word_1_19' title='bbox 493 657 626 724; x_wconf 92' lang='lat' dir='ltr'>minime</span> <span class='ocrx_word' id='word_1_20' title='bbox 650 657 819 726; x_wconf 87' lang='lat' dir='ltr'>differunt.</span> <span class='ocrx_word' id='word_1_21' title='bbox 843 658 1072 725; x_wconf 90' lang='lat' dir='ltr'>Protonoterii</span> <span class='ocrx_word' id='word_1_22' title='bbox 1094 658 1261 740; x_wconf 88' lang='lat' dir='ltr'>titularee‚</span> <span class='ocrx_word' id='word_1_23' title='bbox 1285 656 1343 746; x_wconf 85' lang='lat' dir='ltr'>qui</span> <span class='ocrx_word' id='word_1_24' title='bbox 1352 657 1425 724; x_wconf 91' lang='lat' dir='ltr'>aliis</span> <span class='ocrx_word' id='word_1_25' title='bbox 1449 657 1579 744; x_wconf 88' lang='lat' dir='ltr'>juribus</span> 
     </span>
     <span class='ocr_line' id='line_1_5' title="bbox 336 744 1580 834; baseline -0.003 -20"><span class='ocrx_word' id='word_1_26' title='bbox 336 745 388 814; x_wconf 92' lang='lat' dir='ltr'>uti</span> <span class='ocrx_word' id='word_1_27' title='bbox 410 746 485 814; x_wconf 87' lang='lat' dir='ltr'>ausi</span> <span class='ocrx_word' id='word_1_28' title='bbox 507 746 643 828; x_wconf 88' lang='lat' dir='ltr'>t&#39;uerint,</span> <span class='ocrx_word' id='word_1_29' title='bbox 667 746 697 814; x_wconf 91' lang='lat' dir='ltr'>si</span> <span class='ocrx_word' id='word_1_30' title='bbox 720 747 760 813; x_wconf 89' lang='lat' dir='ltr'>ab</span> <span class='ocrx_word' id='word_1_31' title='bbox 785 745 960 813; x_wconf 90' lang='lat' dir='ltr'>Ordinario</span> <span class='ocrx_word' id='word_1_32' title='bbox 983 752 1153 834; x_wconf 77' lang='lat' dir='ltr'>tamquam</span> <span class='ocrx_word' id='word_1_33' title='bbox 1177 745 1266 814; x_wconf 90' lang='lat' dir='ltr'>sedis</span> <span class='ocrx_word' id='word_1_34' title='bbox 1289 744 1491 834; x_wconf 86' lang='lat' dir='ltr'>apostolicae</span> <span class='ocrx_word' id='word_1_35' title='bbox 1529 744 1580 811; x_wconf 89' lang='lat' dir='ltr'>de·</span> 
     </span>
     <span class='ocr_line' id='line_1_6' title="bbox 336 833 1582 924; baseline -0.001 -25"><span class='ocrx_word' id='word_1_36' title='bbox 336 835 448 924; x_wconf 86' lang='lat' dir='ltr'>legato</span> <span class='ocrx_word' id='word_1_37' title='bbox 471 835 570 901; x_wconf 90' lang='lat' dir='ltr'>semel</span> <span class='ocrx_word' id='word_1_38' title='bbox 597 833 649 901; x_wconf 91' lang='lat' dir='ltr'>vel</span> <span class='ocrx_word' id='word_1_39' title='bbox 672 833 722 900; x_wconf 90' lang='lat' dir='ltr'>bis</span> <span class='ocrx_word' id='word_1_40' title='bbox 745 834 907 901; x_wconf 76' lang='lat' dir='ltr'>admoniti</span> <span class='ocrx_word' id='word_1_41' title='bbox 930 857 995 901; x_wconf 88' lang='lat' dir='ltr'>non</span> <span class='ocrx_word' id='word_1_42' title='bbox 1018 835 1201 922; x_wconf 88' lang='lat' dir='ltr'>paruerint,</span> <span class='ocrx_word' id='word_1_43' title='bbox 1226 856 1264 902; x_wconf 92' lang='lat' dir='ltr'>eo</span> <span class='ocrx_word' id='word_1_44' title='bbox 1295 834 1367 921; x_wconf 92' lang='lat' dir='ltr'>ipsc</span> <span class='ocrx_word' id='word_1_45' title='bbox 1391 833 1503 900; x_wconf 86' lang='lat' dir='ltr'>delato</span> <span class='ocrx_word' id='word_1_46' title='bbox 1526 833 1582 899; x_wconf 89' lang='lat' dir='ltr'>ho·</span> 
     </span>
     <span class='ocr_line' id='line_1_7' title="bbox 336 921 1581 1012; baseline -0.003 -24"><span class='ocrx_word' id='word_1_47' title='bbox 336 945 416 990; x_wconf 88' lang='lat' dir='ltr'>nore</span> <span class='ocrx_word' id='word_1_48' title='bbox 438 945 474 990; x_wconf 91' lang='lat' dir='ltr'>se</span> <span class='ocrx_word' id='word_1_49' title='bbox 495 922 643 1012; x_wconf 88' lang='lat' dir='ltr'>privatos</span> <span class='ocrx_word' id='word_1_50' title='bbox 666 923 784 991; x_wconf 90' lang='lat' dir='ltr'>sciant.</span> <span class='ocrx_word' id='word_1_51' title='bbox 807 922 946 989; x_wconf 88' lang='lat' dir='ltr'>Praeter</span> <span class='ocrx_word' id='word_1_52' title='bbox 969 922 1029 990; x_wconf 88' lang='lat' dir='ltr'>bos</span> <span class='ocrx_word' id='word_1_53' title='bbox 1052 923 1160 989; x_wconf 90' lang='lat' dir='ltr'>adbuc</span> <span class='ocrx_word' id='word_1_54' title='bbox 1183 927 1263 991; x_wconf 88' lang='lat' dir='ltr'>sunt</span> <span class='ocrx_word' id='word_1_55' title='bbox 1286 923 1386 990; x_wconf 90' lang='lat' dir='ltr'>etiam</span> <span class='ocrx_word' id='word_1_56' title='bbox 1411 921 1581 1008; x_wconf 78' lang='lat' dir='ltr'>Capeliani</span> 
     </span>
     <span class='ocr_line' id='line_1_8' title="bbox 335 1010 1579 1101; baseline -0.003 -23"><span class='ocrx_word' id='word_1_57' title='bbox 335 1012 455 1080; x_wconf 87' lang='lat' dir='ltr'>secreti</span> <span class='ocrx_word' id='word_1_58' title='bbox 479 1010 652 1101; x_wconf 76' lang='lat' dir='ltr'>pontificii,</span> <span class='ocrx_word' id='word_1_59' title='bbox 678 1010 850 1100; x_wconf 89' lang='lat' dir='ltr'>Capellani</span> <span class='ocrx_word' id='word_1_60' title='bbox 872 1010 1050 1092; x_wconf 89' lang='lat' dir='ltr'>honorarii,</span> <span class='ocrx_word' id='word_1_61' title='bbox 1088 1011 1262 1100; x_wconf 91' lang='lat' dir='ltr'>Capellani</span> <span class='ocrx_word' id='word_1_62' title='bbox 1297 1033 1484 1079; x_wconf 90' lang='lat' dir='ltr'>communes</span> <span class='ocrx_word' id='word_1_63' title='bbox 1519 1013 1579 1076; x_wconf 92' lang='lat' dir='ltr'>etc.</span> 
     </span>
    </p>
   </div>
   <div class='ocr_carea' id='block_1_3' title="bbox 643 1205 1405 1488">
    <p class='ocr_par' dir='ltr' id='par_1_3' title="bbox 643 1205 1405 1488">
     <span class='ocr_line' id='line_1_9' title="bbox 826 1205 1090 1318; baseline -0.03 -2"><span class='ocrx_word' id='word_1_64' title='bbox 826 1205 1090 1318; x_wconf 78' lang='lat' dir='ltr'>llllllll.</span> 
     </span>
     <span class='ocr_line' id='line_1_10' title="bbox 643 1389 1405 1488; baseline 0 -20"><span class='ocrx_word' id='word_1_65' title='bbox 643 1389 1271 1469; x_wconf 79' lang='lat' dir='ltr'>nnnrrsoorrs.</span> <span class='ocrx_word' id='word_1_66' title='bbox 1403 1483 1405 1488; x_wconf 79' lang='lat'><em>.</em></span> 
     </span>
    </p>
   </div>
   <div class='ocr_carea' id='block_1_4' title="bbox 719 1558 1198 1688">
    <p class='ocr_par' dir='ltr' id='par_1_4' title="bbox 719 1558 1198 1688">
     <span class='ocr_line' id='line_1_11' title="bbox 719 1558 1198 1688; baseline 0.002 -24"><span class='ocrx_word' id='word_1_67' title='bbox 719 1585 754 1682; x_wconf 67' lang='grc' dir='ltr'>ἓ.</span> <span class='ocrx_word' id='word_1_68' title='bbox 783 1583 852 1664; x_wconf 85' lang='grc'>86.</span> <span class='ocrx_word' id='word_1_69' title='bbox 871 1558 1198 1688; x_wconf 79' lang='lat' dir='ltr'>Prolegomena.</span> 
     </span>
    </p>
   </div>
   <div class='ocr_carea' id='block_1_5' title="bbox 331 1748 1580 2811">
    <p class='ocr_par' dir='ltr' id='par_1_5' title="bbox 331 1748 1580 2811">
     <span class='ocr_line' id='line_1_12' title="bbox 429 1748 1578 1840; baseline -0.003 -22"><span class='ocrx_word' id='word_1_70' title='bbox 429 1750 578 1839; x_wconf 89' lang='lat' dir='ltr'>Principi</span> <span class='ocrx_word' id='word_1_71' title='bbox 602 1750 840 1840; x_wconf 76' lang='lat' dir='ltr'>Apostolorum</span> <span class='ocrx_word' id='word_1_72' title='bbox 863 1774 928 1837; x_wconf 91' lang='lat' dir='ltr'>qua</span> <span class='ocrx_word' id='word_1_73' title='bbox 951 1753 1057 1818; x_wconf 90' lang='lat' dir='ltr'>totius</span> <span class='ocrx_word' id='word_1_74' title='bbox 1080 1748 1578 1837; x_wconf 81' lang='lat' dir='ltr'>Ecclesiaefnndamentoprin-</span> 
     </span>
     <span class='ocr_line' id='line_1_13' title="bbox 334 1838 1579 1929; baseline -0.002 -25"><span class='ocrx_word' id='word_1_75' title='bbox 334 1838 443 1926; x_wconf 85' lang='lat' dir='ltr'>cipali,</span> <span class='ocrx_word' id='word_1_76' title='bbox 468 1845 503 1906; x_wconf 91' lang='lat' dir='ltr'>et</span> <span class='ocrx_word' id='word_1_77' title='bbox 526 1839 647 1928; x_wconf 89' lang='lat' dir='ltr'>Capiti,</span> <span class='ocrx_word' id='word_1_78' title='bbox 671 1839 707 1906; x_wconf 91' lang='lat' dir='ltr'>in</span> <span class='ocrx_word' id='word_1_79' title='bbox 730 1839 840 1906; x_wconf 88' lang='lat' dir='ltr'>officio</span> <span class='ocrx_word' id='word_1_80' title='bbox 864 1846 899 1907; x_wconf 89' lang='lat' dir='ltr'>et</span> <span class='ocrx_word' id='word_1_81' title='bbox 943 1846 1112 1929; x_wconf 91' lang='lat' dir='ltr'>potestate</span> <span class='ocrx_word' id='word_1_82' title='bbox 1153 1839 1350 1908; x_wconf 78' lang='lat' dir='ltr'>successisse</span> <span class='ocrx_word' id='word_1_83' title='bbox 1393 1838 1579 1905; x_wconf 88' lang='lat' dir='ltr'>Romanum</span> 
     </span>
     <span class='ocr_line' id='line_1_14' title="bbox 334 1927 1580 2016; baseline -0.002 -24"><span class='ocrx_word' id='word_1_84' title='bbox 334 1927 529 1995; x_wconf 85' lang='lat' dir='ltr'>Pontificem</span> <span class='ocrx_word' id='word_1_85' title='bbox 552 1927 705 2016; x_wconf 88' lang='lat' dir='ltr'>superius</span> <span class='ocrx_word' id='word_1_86' title='bbox 729 1933 757 2012; x_wconf 66' lang='grc' dir='ltr'>ξ.</span> <span class='ocrx_word' id='word_1_87' title='bbox 783 1927 892 1994; x_wconf 76' lang='lat' dir='ltr'>(il-mo</span> <span class='ocrx_word' id='word_1_88' title='bbox 916 1927 1179 1996; x_wconf 90' lang='lat' dir='ltr'>demonstratum</span> <span class='ocrx_word' id='word_1_89' title='bbox 1204 1935 1272 2013; x_wconf 90' lang='lat' dir='ltr'>est;</span> <span class='ocrx_word' id='word_1_90' title='bbox 1298 1927 1386 1995; x_wconf 90' lang='lat' dir='ltr'>sicut</span> <span class='ocrx_word' id='word_1_91' title='bbox 1410 1929 1509 1993; x_wconf 89' lang='lat' dir='ltr'>etiam</span> <span class='ocrx_word' id='word_1_92' title='bbox 1532 1947 1580 1991; x_wconf 92' lang='lat' dir='ltr'>re·</span> 
     </span>
     <span class='ocr_line' id='line_1_15' title="bbox 333 2014 1580 2105; baseline 0.001 -27"><span class='ocrx_word' id='word_1_93' title='bbox 333 2014 499 2104; x_wconf 90' lang='lat' dir='ltr'>liquorum</span> <span class='ocrx_word' id='word_1_94' title='bbox 522 2015 761 2104; x_wconf 83' lang='lat' dir='ltr'>Apostolorum</span> <span class='ocrx_word' id='word_1_95' title='bbox 794 2038 1000 2083; x_wconf 77' lang='lat' dir='ltr'>successores</span> <span class='ocrx_word' id='word_1_96' title='bbox 1035 2039 1105 2085; x_wconf 90' lang='lat' dir='ltr'>esee</span> <span class='ocrx_word' id='word_1_97' title='bbox 1141 2017 1334 2105; x_wconf 87' lang='lat' dir='ltr'>Episcopos,</span> <span class='ocrx_word' id='word_1_98' title='bbox 1370 2014 1427 2100; x_wconf 86' lang='lat' dir='ltr'>qni</span> <span class='ocrx_word' id='word_1_99' title='bbox 1461 2036 1580 2080; x_wconf 90' lang='lat' dir='ltr'>munus</span> 
     </span>
     <span class='ocr_line' id='line_1_16' title="bbox 334 2101 1578 2193; baseline -0.001 -25"><span class='ocrx_word' id='word_1_100' title='bbox 334 2104 571 2191; x_wconf 88' lang='lat' dir='ltr'>Apostolorum</span> <span class='ocrx_word' id='word_1_101' title='bbox 594 2107 629 2170; x_wconf 89' lang='lat' dir='ltr'>in</span> <span class='ocrx_word' id='word_1_102' title='bbox 650 2103 801 2171; x_wconf 82' lang='lat' dir='ltr'>Ecclesia</span> <span class='ocrx_word' id='word_1_103' title='bbox 825 2105 1024 2171; x_wconf 89' lang='lat' dir='ltr'>continuant</span> <span class='ocrx_word' id='word_1_104' title='bbox 1046 2107 1072 2191; x_wconf 63' lang='grc' dir='ltr'>ἕ.</span> <span class='ocrx_word' id='word_1_105' title='bbox 1098 2105 1189 2171; x_wconf 76' lang='lat' dir='ltr'>ea-to</span> <span class='ocrx_word' id='word_1_106' title='bbox 1228 2104 1415 2193; x_wconf 86' lang='lat' dir='ltr'>expositum</span> <span class='ocrx_word' id='word_1_107' title='bbox 1450 2108 1511 2169; x_wconf 91' lang='lat' dir='ltr'>est.</span> <span class='ocrx_word' id='word_1_108' title='bbox 1533 2101 1578 2168; x_wconf 57' lang='lat' dir='ltr'>¹S.</span> 
     </span>
     <span class='ocr_line' id='line_1_17' title="bbox 333 2191 1578 2279; baseline -0.002 -21"><span class='ocrx_word' id='word_1_109' title='bbox 333 2191 493 2272; x_wconf 90' lang='lat' dir='ltr'>Clemens,</span> <span class='ocrx_word' id='word_1_110' title='bbox 527 2191 562 2257; x_wconf 89' lang='lat' dir='ltr'>in</span> <span class='ocrx_word' id='word_1_111' title='bbox 592 2192 746 2279; x_wconf 88' lang='lat' dir='ltr'>Epistola</span> <span class='ocrx_word' id='word_1_112' title='bbox 779 2192 822 2258; x_wconf 90' lang='lat' dir='ltr'>ad</span> <span class='ocrx_word' id='word_1_113' title='bbox 849 2192 1041 2261; x_wconf 82' lang='lat' dir='ltr'>Corinthios</span> <span class='ocrx_word' id='word_1_114' title='bbox 1078 2194 1112 2259; x_wconf 92' lang='lat' dir='ltr'>in</span> <span class='ocrx_word' id='word_1_115' title='bbox 1145 2194 1229 2261; x_wconf 88' lang='lat' dir='ltr'>hanc</span> <span class='ocrx_word' id='word_1_116' title='bbox 1260 2214 1329 2260; x_wconf 86' lang='lat' dir='ltr'>rem</span> <span class='ocrx_word' id='word_1_117' title='bbox 1360 2191 1408 2257; x_wconf 91' lang='lat' dir='ltr'>sio</span> <span class='ocrx_word' id='word_1_118' title='bbox 1442 2192 1578 2258; x_wconf 87' lang='lat' dir='ltr'>scribit:</span> 
     </span>
     <span class='ocr_line' id='line_1_18' title="bbox 335 2277 1580 2369; baseline -0.002 -25"><span class='ocrx_word' id='word_1_119' title='bbox 335 2280 509 2368; x_wconf 84' lang='lat' dir='ltr'>„Apostoli</span> <span class='ocrx_word' id='word_1_120' title='bbox 532 2282 638 2346; x_wconf 86' lang='lat' dir='ltr'>nostri</span> <span class='ocrx_word' id='word_1_121' title='bbox 662 2289 897 2367; x_wconf 88' lang='lat' dir='ltr'>cognoverunt,</span> <span class='ocrx_word' id='word_1_122' title='bbox 922 2302 981 2369; x_wconf 92' lang='lat' dir='ltr'>per</span> <span class='ocrx_word' id='word_1_123' title='bbox 1003 2281 1181 2347; x_wconf 91' lang='lat' dir='ltr'>Dominum</span> <span class='ocrx_word' id='word_1_124' title='bbox 1204 2279 1477 2348; x_wconf 87' lang='lat' dir='ltr'>nostrumJesum</span> <span class='ocrx_word' id='word_1_125' title='bbox 1488 2277 1580 2347; x_wconf 88' lang='lat' dir='ltr'>Chri·</span> 
     </span>
     <span class='ocr_line' id='line_1_19' title="bbox 333 2366 1579 2458; baseline -0.002 -24"><span class='ocrx_word' id='word_1_126' title='bbox 333 2374 432 2448; x_wconf 88' lang='lat' dir='ltr'>stum,</span> <span class='ocrx_word' id='word_1_127' title='bbox 456 2369 544 2453; x_wconf 82' lang='lat' dir='ltr'>quod</span> <span class='ocrx_word' id='word_1_128' title='bbox 566 2368 682 2436; x_wconf 85' lang='lat' dir='ltr'>futura</span> <span class='ocrx_word' id='word_1_129' title='bbox 705 2374 794 2435; x_wconf 92' lang='lat' dir='ltr'>esset</span> <span class='ocrx_word' id='word_1_130' title='bbox 824 2369 993 2437; x_wconf 91' lang='lat' dir='ltr'>contentio</span> <span class='ocrx_word' id='word_1_131' title='bbox 1039 2369 1079 2434; x_wconf 89' lang='lat' dir='ltr'>de</span> <span class='ocrx_word' id='word_1_132' title='bbox 1103 2369 1233 2436; x_wconf 89' lang='lat' dir='ltr'>nomine</span> <span class='ocrx_word' id='word_1_133' title='bbox 1278 2369 1512 2458; x_wconf 85' lang='lat' dir='ltr'>Episcopatus,</span> <span class='ocrx_word' id='word_1_134' title='bbox 1537 2366 1579 2432; x_wconf 93' lang='lat' dir='ltr'>ob</span> 
     </span>
     <span class='ocr_line' id='line_1_20' title="bbox 333 2457 1580 2546; baseline 0 -25"><span class='ocrx_word' id='word_1_135' title='bbox 333 2478 404 2522; x_wconf 88' lang='lat' dir='ltr'>eam</span> <span class='ocrx_word' id='word_1_136' title='bbox 427 2479 506 2543; x_wconf 88' lang='lat' dir='ltr'>ergo</span> <span class='ocrx_word' id='word_1_137' title='bbox 530 2478 661 2523; x_wconf 89' lang='lat' dir='ltr'>causam</span> <span class='ocrx_word' id='word_1_138' title='bbox 682 2462 818 2546; x_wconf 89' lang='lat' dir='ltr'>accepta</span> <span class='ocrx_word' id='word_1_139' title='bbox 841 2457 989 2545; x_wconf 85' lang='lat' dir='ltr'>perfecta</span> <span class='ocrx_word' id='word_1_140' title='bbox 1012 2457 1283 2545; x_wconf 64' lang='lat' dir='ltr'>praecognitione</span> <span class='ocrx_word' id='word_1_141' title='bbox 1329 2457 1580 2525; x_wconf 88' lang='lat' dir='ltr'>constituerunt</span> 
     </span>
     <span class='ocr_line' id='line_1_21' title="bbox 331 2543 1579 2634; baseline -0.002 -23"><span class='ocrx_word' id='word_1_142' title='bbox 331 2543 524 2634; x_wconf 89' lang='lat' dir='ltr'>Episcopos,</span> <span class='ocrx_word' id='word_1_143' title='bbox 549 2550 584 2612; x_wconf 91' lang='lat' dir='ltr'>et</span> <span class='ocrx_word' id='word_1_144' title='bbox 607 2543 761 2634; x_wconf 83' lang='lat' dir='ltr'>deinceps</span> <span class='ocrx_word' id='word_1_145' title='bbox 808 2545 1026 2612; x_wconf 83' lang='lat' dir='ltr'>successionis</span> <span class='ocrx_word' id='word_1_146' title='bbox 1070 2545 1221 2632; x_wconf 87' lang='lat' dir='ltr'>regulam</span> <span class='ocrx_word' id='word_1_147' title='bbox 1266 2543 1492 2625; x_wconf 88' lang='lat' dir='ltr'>tradiderunt,</span> <span class='ocrx_word' id='word_1_148' title='bbox 1539 2550 1579 2608; x_wconf 93' lang='lat' dir='ltr'>ut</span> 
     </span>
     <span class='ocr_line' id='line_1_22' title="bbox 331 2630 1580 2721; baseline -0.001 -23"><span class='ocrx_word' id='word_1_149' title='bbox 331 2654 404 2699; x_wconf 91' lang='lat' dir='ltr'>cum</span> <span class='ocrx_word' id='word_1_150' title='bbox 427 2631 480 2699; x_wconf 93' lang='lat' dir='ltr'>illi</span> <span class='ocrx_word' id='word_1_151' title='bbox 503 2632 708 2717; x_wconf 88' lang='lat' dir='ltr'>decederent,</span> <span class='ocrx_word' id='word_1_152' title='bbox 733 2632 953 2702; x_wconf 90' lang='lat' dir='ltr'>ministerium</span> <span class='ocrx_word' id='word_1_153' title='bbox 977 2655 1088 2701; x_wconf 91' lang='lat' dir='ltr'>eorum</span> <span class='ocrx_word' id='word_1_154' title='bbox 1113 2657 1151 2701; x_wconf 91' lang='lat' dir='ltr'>ac</span> <span class='ocrx_word' id='word_1_155' title='bbox 1174 2656 1293 2702; x_wconf 88' lang='lat' dir='ltr'>munus</span> <span class='ocrx_word' id='word_1_156' title='bbox 1337 2631 1399 2700; x_wconf 90' lang='lat' dir='ltr'>alii</span> <span class='ocrx_word' id='word_1_157' title='bbox 1443 2630 1580 2721; x_wconf 89' lang='lat' dir='ltr'>probati</span> 
     </span>
     <span class='ocr_line' id='line_1_23' title="bbox 333 2723 551 2811; baseline -0.005 -23"><span class='ocrx_word' id='word_1_158' title='bbox 333 2723 551 2811; x_wconf 86' lang='lat' dir='ltr'>exciperent.“</span> 
     </span>
    </p>
   </div>
   <div class='ocr_carea' id='block_1_6' title="bbox 332 2897 1580 3109">
    <p class='ocr_par' dir='ltr' id='par_1_6' title="bbox 332 2897 1580 3109">
     <span class='ocr_line' id='line_1_24' title="bbox 332 2897 1580 3107; baseline -0.002 -125"><span class='ocrx_word' id='word_1_159' title='bbox 332 2905 366 2999; x_wconf 65' lang='grc' dir='ltr'>ἓ.</span> <span class='ocrx_word' id='word_1_160' title='bbox 395 2900 463 2984; x_wconf 84' lang='grc'>87.</span> <span class='ocrx_word' id='word_1_161' title='bbox 489 2899 659 2984; x_wconf 86' lang='lat' dir='ltr'>Primae</span> <span class='ocrx_word' id='word_1_162' title='bbox 687 2899 819 2982; x_wconf 82' lang='lat' dir='ltr'>Sedes</span> <span class='ocrx_word' id='word_1_163' title='bbox 845 2901 1157 3107; x_wconf 45' lang='lat' dir='ltr'>lilipiscoporum</span> <span class='ocrx_word' id='word_1_164' title='bbox 1184 2899 1384 3004; x_wconf 90' lang='lat' dir='ltr'>Apostoli</span> <span class='ocrx_word' id='word_1_165' title='bbox 1409 2897 1496 3002; x_wconf 89' lang='lat' dir='ltr'>ipsi</span> <span class='ocrx_word' id='word_1_166' title='bbox 1511 2899 1580 2980; x_wconf 90' lang='lat' dir='ltr'>de·</span> 
     </span>
     <span class='ocr_line' id='line_1_25' title="bbox 884 3028 1390 3109; baseline 0 -3"><span class='ocrx_word' id='word_1_167' title='bbox 884 3028 1056 3109; x_wconf 86' lang='lat' dir='ltr'>xerunt.</span> <span class='ocrx_word' id='word_1_168' title='bbox 1385 3040 1390 3051; x_wconf 89' lang='lat'>&#39;</span> 
     </span>
    </p>
   </div>
   <div class='ocr_carea' id='block_1_7' title="bbox 428 3169 1580 3328">
    <p class='ocr_par' dir='ltr' id='par_1_7' title="bbox 428 3169 1580 3328">
     <span class='ocr_line' id='line_1_26' title="bbox 428 3169 1580 3328; baseline -0.003 -89"><span class='ocrx_word' id='word_1_169' title='bbox 428 3171 546 3256; x_wconf 75' lang='lat' dir='ltr'>Quoad</span> <span class='ocrx_word' id='word_1_170' title='bbox 568 3174 690 3260; x_wconf 88' lang='lat' dir='ltr'>primes</span> <span class='ocrx_word' id='word_1_171' title='bbox 714 3173 808 3240; x_wconf 87' lang='lat' dir='ltr'>sedes</span> <span class='ocrx_word' id='word_1_172' title='bbox 831 3173 1071 3328; x_wconf 70' lang='lat' dir='ltr'>Episcpporum</span> <span class='ocrx_word' id='word_1_173' title='bbox 1094 3175 1134 3239; x_wconf 88' lang='lat' dir='ltr'>ab</span> <span class='ocrx_word' id='word_1_174' title='bbox 1158 3172 1332 3327; x_wconf 48' lang='lat' dir='ltr'>Aplostolis</span> <span class='ocrx_word' id='word_1_175' title='bbox 1355 3169 1437 3260; x_wconf 90' lang='lat' dir='ltr'>ipsis</span> <span class='ocrx_word' id='word_1_176' title='bbox 1481 3169 1580 3237; x_wconf 87' lang='lat' dir='ltr'>insti·</span> 
     </span>
    </p>
   </div>
   <div class='ocr_carea' id='block_1_8' title="bbox 306 3261 1581 4411">
    <p class='ocr_par' dir='ltr' id='par_1_8' title="bbox 330 3261 1579 3696">
     <span class='ocr_line' id='line_1_27' title="bbox 331 3261 1579 3346; baseline -0.004 -18"><span class='ocrx_word' id='word_1_177' title='bbox 331 3267 434 3342; x_wconf 88' lang='lat' dir='ltr'>tutas,</span> <span class='ocrx_word' id='word_1_178' title='bbox 459 3261 716 3346; x_wconf 74' lang='lat' dir='ltr'>Tertullianusl)</span> <span class='ocrx_word' id='word_1_179' title='bbox 728 3261 866 3329; x_wconf 84' lang='lat' dir='ltr'>scribit:</span> <span class='ocrx_word' id='word_1_180' title='bbox 892 3261 942 3344; x_wconf 91' lang='lat' dir='ltr'>„E</span> <span class='ocrx_word' id='word_1_181' title='bbox 1227 3261 1420 3332; x_wconf 85' lang='lat' dir='ltr'>eclesiarum</span> <span class='ocrx_word' id='word_1_182' title='bbox 1433 3281 1579 3339; x_wconf 90' lang='lat' dir='ltr'>suarum,</span> 
     </span>
     <span class='ocr_line' id='line_1_28' title="bbox 331 3347 1577 3438; baseline -0.003 -22"><span class='ocrx_word' id='word_1_183' title='bbox 331 3348 489 3417; x_wconf 87' lang='lat' dir='ltr'>evolvant</span> <span class='ocrx_word' id='word_1_184' title='bbox 513 3349 660 3416; x_wconf 89' lang='lat' dir='ltr'>ordinem</span> <span class='ocrx_word' id='word_1_185' title='bbox 683 3349 922 3438; x_wconf 91' lang='lat' dir='ltr'>Episcoporum</span> <span class='ocrx_word' id='word_1_186' title='bbox 945 3372 1088 3432; x_wconf 90' lang='lat' dir='ltr'>snorum,</span> <span class='ocrx_word' id='word_1_187' title='bbox 1113 3350 1162 3416; x_wconf 91' lang='lat' dir='ltr'>ita</span> <span class='ocrx_word' id='word_1_188' title='bbox 1185 3372 1244 3437; x_wconf 90' lang='lat' dir='ltr'>per</span> <span class='ocrx_word' id='word_1_189' title='bbox 1278 3350 1501 3416; x_wconf 89' lang='lat' dir='ltr'>successiones</span> <span class='ocrx_word' id='word_1_190' title='bbox 1534 3347 1577 3412; x_wconf 92' lang='lat' dir='ltr'>ab</span> 
     </span>
     <span class='ocr_line' id='line_1_29' title="bbox 330 3436 1579 3528; baseline 0 -26"><span class='ocrx_word' id='word_1_191' title='bbox 330 3437 429 3504; x_wconf 91' lang='lat' dir='ltr'>initio</span> <span class='ocrx_word' id='word_1_192' title='bbox 453 3438 692 3519; x_wconf 90' lang='lat' dir='ltr'>decurrentem,</span> <span class='ocrx_word' id='word_1_193' title='bbox 716 3445 756 3504; x_wconf 92' lang='lat' dir='ltr'>ut</span> <span class='ocrx_word' id='word_1_194' title='bbox 779 3441 905 3528; x_wconf 88' lang='lat' dir='ltr'>primus</span> <span class='ocrx_word' id='word_1_195' title='bbox 928 3438 988 3506; x_wconf 91' lang='lat' dir='ltr'>ille</span> <span class='ocrx_word' id='word_1_196' title='bbox 1011 3438 1195 3527; x_wconf 84' lang='lat' dir='ltr'>Episcopus</span> <span class='ocrx_word' id='word_1_197' title='bbox 1219 3438 1362 3523; x_wconf 88' lang='lat' dir='ltr'>aliquem</span> <span class='ocrx_word' id='word_1_198' title='bbox 1385 3458 1426 3503; x_wconf 84' lang='lat' dir='ltr'>ex</span> <span class='ocrx_word' id='word_1_199' title='bbox 1437 3436 1579 3522; x_wconf 88' lang='lat' dir='ltr'>Aposto-</span> 
     </span>
     <span class='ocr_line' id='line_1_30' title="bbox 330 3525 1578 3618; baseline 0 -28"><span class='ocrx_word' id='word_1_200' title='bbox 330 3525 382 3606; x_wconf 90' lang='lat' dir='ltr'>lis,</span> <span class='ocrx_word' id='word_1_201' title='bbox 407 3526 462 3592; x_wconf 90' lang='lat' dir='ltr'>vel</span> <span class='ocrx_word' id='word_1_202' title='bbox 485 3526 675 3614; x_wconf 85' lang='lat' dir='ltr'>apostolicis</span> <span class='ocrx_word' id='word_1_203' title='bbox 698 3527 790 3608; x_wconf 86' lang='lat' dir='ltr'>viris,</span> <span class='ocrx_word' id='word_1_204' title='bbox 815 3528 872 3618; x_wconf 88' lang='lat' dir='ltr'>qui</span> <span class='ocrx_word' id='word_1_205' title='bbox 894 3531 1005 3594; x_wconf 88' lang='lat' dir='ltr'>tamen</span> <span class='ocrx_word' id='word_1_206' title='bbox 1029 3549 1103 3594; x_wconf 91' lang='lat' dir='ltr'>cum</span> <span class='ocrx_word' id='word_1_207' title='bbox 1125 3526 1300 3615; x_wconf 91' lang='lat' dir='ltr'>Apostolis</span> <span class='ocrx_word' id='word_1_208' title='bbox 1345 3545 1578 3615; x_wconf 88' lang='lat' dir='ltr'>perseverave-</span> 
     </span>
     <span class='ocr_line' id='line_1_31' title="bbox 330 3613 1172 3696; baseline 0.002 -17"><span class='ocrx_word' id='word_1_209' title='bbox 330 3617 408 3695; x_wconf 91' lang='lat' dir='ltr'>rint,</span> <span class='ocrx_word' id='word_1_210' title='bbox 435 3613 616 3682; x_wconf 90' lang='lat' dir='ltr'>habuerint</span> <span class='ocrx_word' id='word_1_211' title='bbox 639 3621 817 3696; x_wconf 89' lang='lat' dir='ltr'>auctorem,</span> <span class='ocrx_word' id='word_1_212' title='bbox 842 3620 877 3684; x_wconf 92' lang='lat' dir='ltr'>et</span> <span class='ocrx_word' id='word_1_213' title='bbox 899 3621 1172 3682; x_wconf 86' lang='lat' dir='ltr'>antecessorem.“</span> 
     </span>
    </p>

    <p class='ocr_par' dir='ltr' id='par_1_9' title="bbox 306 3699 1581 4411">
     <span class='ocr_line' id='line_1_32' title="bbox 391 3699 1578 3790; baseline 0 -22"><span class='ocrx_word' id='word_1_214' title='bbox 391 3728 396 3746; x_wconf 74' lang='lat'><em>¹</em></span> <span class='ocrx_word' id='word_1_215' title='bbox 425 3703 547 3770; x_wconf 88' lang='lat' dir='ltr'>Petrus</span> <span class='ocrx_word' id='word_1_216' title='bbox 570 3703 713 3789; x_wconf 85' lang='lat' dir='ltr'>Magnus</span> <span class='ocrx_word' id='word_1_217' title='bbox 736 3703 863 3771; x_wconf 82' lang='lat' dir='ltr'>Christi</span> <span class='ocrx_word' id='word_1_218' title='bbox 886 3703 1072 3790; x_wconf 88' lang='lat' dir='ltr'>Apostolus</span> <span class='ocrx_word' id='word_1_219' title='bbox 1095 3703 1130 3769; x_wconf 91' lang='lat' dir='ltr'>in</span> <span class='ocrx_word' id='word_1_220' title='bbox 1154 3701 1305 3769; x_wconf 91' lang='lat' dir='ltr'>omnibus</span> <span class='ocrx_word' id='word_1_221' title='bbox 1337 3701 1406 3768; x_wconf 87' lang='lat' dir='ltr'>fere</span> <span class='ocrx_word' id='word_1_222' title='bbox 1429 3699 1578 3768; x_wconf 89' lang='lat' dir='ltr'>civitati·</span> 
     </span>
     <span class='ocr_line' id='line_1_33' title="bbox 331 3787 1579 3880; baseline 0.002 -26"><span class='ocrx_word' id='word_1_223' title='bbox 331 3790 392 3856; x_wconf 90' lang='lat' dir='ltr'>bus</span> <span class='ocrx_word' id='word_1_224' title='bbox 415 3790 629 3880; x_wconf 90' lang='lat' dir='ltr'>Capadociae,</span> <span class='ocrx_word' id='word_1_225' title='bbox 654 3791 832 3880; x_wconf 88' lang='lat' dir='ltr'>Phrygiae,</span> <span class='ocrx_word' id='word_1_226' title='bbox 857 3792 1079 3872; x_wconf 80' lang='lat' dir='ltr'>Macedoniae,</span> <span class='ocrx_word' id='word_1_227' title='bbox 1104 3790 1273 3872; x_wconf 81' lang='lat' dir='ltr'>Graeciae,</span> <span class='ocrx_word' id='word_1_228' title='bbox 1297 3789 1417 3878; x_wconf 88' lang='lat' dir='ltr'>Epyri,</span> <span class='ocrx_word' id='word_1_229' title='bbox 1431 3787 1579 3869; x_wconf 84' lang='lat' dir='ltr'>Siciliae,</span> 
     </span>
     <span class='ocr_line' id='line_1_34' title="bbox 330 3877 1578 3968; baseline 0.001 -25"><span class='ocrx_word' id='word_1_230' title='bbox 330 3877 460 3961; x_wconf 88' lang='lat' dir='ltr'>Italiae,</span> <span class='ocrx_word' id='word_1_231' title='bbox 485 3878 626 3960; x_wconf 82' lang='lat' dir='ltr'>Galliae,</span> <span class='ocrx_word' id='word_1_232' title='bbox 650 3879 835 3967; x_wconf 88' lang='lat' dir='ltr'>Hispaniae</span> <span class='ocrx_word' id='word_1_233' title='bbox 875 3882 1124 3947; x_wconf 85' lang='lat' dir='ltr'>extremitatum</span> <span class='ocrx_word' id='word_1_234' title='bbox 1169 3879 1351 3968; x_wconf 84' lang='lat' dir='ltr'>Episcopus</span> <span class='ocrx_word' id='word_1_235' title='bbox 1397 3877 1578 3944; x_wconf 85' lang='lat' dir='ltr'>ordinavit.</span> 
     </span>
     <span class='ocr_line' id='line_1_35' title="bbox 330 3964 1576 4056; baseline 0 -24"><span class='ocrx_word' id='word_1_236' title='bbox 330 3965 465 4035; x_wconf 90' lang='lat' dir='ltr'>Etenim</span> <span class='ocrx_word' id='word_1_237' title='bbox 487 3968 635 4035; x_wconf 88' lang='lat' dir='ltr'>Jacobus</span> <span class='ocrx_word' id='word_1_238' title='bbox 659 3968 731 4054; x_wconf 87' lang='lat' dir='ltr'>ejus</span> <span class='ocrx_word' id='word_1_239' title='bbox 754 3967 869 4035; x_wconf 87' lang='lat' dir='ltr'>favore</span> <span class='ocrx_word' id='word_1_240' title='bbox 893 3967 1201 4056; x_wconf 90' lang='lat' dir='ltr'>Hierosolymorum</span> <span class='ocrx_word' id='word_1_241' title='bbox 1241 3967 1399 4033; x_wconf 90' lang='lat' dir='ltr'>thronum</span> <span class='ocrx_word' id='word_1_242' title='bbox 1437 3964 1576 4050; x_wconf 89' lang='lat' dir='ltr'>tenuit;</span> 
     </span>
     <span class='ocr_line' id='line_1_36' title="bbox 330 4054 1577 4144; baseline 0.001 -24"><span class='ocrx_word' id='word_1_243' title='bbox 330 4054 448 4123; x_wconf 91' lang='lat' dir='ltr'>deinde</span> <span class='ocrx_word' id='word_1_244' title='bbox 471 4056 636 4123; x_wconf 90' lang='lat' dir='ltr'>Evodium</span> <span class='ocrx_word' id='word_1_245' title='bbox 661 4057 858 4123; x_wconf 91' lang='lat' dir='ltr'>Antiochiae</span> <span class='ocrx_word' id='word_1_246' title='bbox 882 4056 1060 4138; x_wconf 89' lang='lat' dir='ltr'>ordinavit,</span> <span class='ocrx_word' id='word_1_247' title='bbox 1072 4056 1193 4124; x_wconf 78' lang='lat' dir='ltr'>Therai</span> <span class='ocrx_word' id='word_1_248' title='bbox 1202 4056 1385 4138; x_wconf 89' lang='lat' dir='ltr'>Urbanum,</span> <span class='ocrx_word' id='word_1_249' title='bbox 1402 4054 1577 4144; x_wconf 89' lang='lat' dir='ltr'>Epaphro-</span> 
     </span>
     <span class='ocr_line' id='line_1_37' title="bbox 306 4143 1579 4235; baseline 0 -25"><span class='ocrx_word' id='word_1_250' title='bbox 306 4144 436 4213; x_wconf 84' lang='lat' dir='ltr'>ditum</span> <span class='ocrx_word' id='word_1_251' title='bbox 481 4145 615 4235; x_wconf 87' lang='lat' dir='ltr'>Lyciaa,</span> <span class='ocrx_word' id='word_1_252' title='bbox 651 4143 824 4232; x_wconf 85' lang='lat' dir='ltr'>Sygellum</span> <span class='ocrx_word' id='word_1_253' title='bbox 850 4143 976 4233; x_wconf 90' lang='lat' dir='ltr'>Ephae,</span> <span class='ocrx_word' id='word_1_254' title='bbox 1001 4145 1152 4213; x_wconf 83' lang='lat' dir='ltr'>Smirnae</span> <span class='ocrx_word' id='word_1_255' title='bbox 1198 4144 1362 4233; x_wconf 86' lang='lat' dir='ltr'>Apellam,</span> <span class='ocrx_word' id='word_1_256' title='bbox 1409 4143 1579 4231; x_wconf 91' lang='lat' dir='ltr'>Philippis</span> 
     </span>
     <span class='ocr_line' id='line_1_38' title="bbox 331 4231 1580 4325; baseline -0.003 -23"><span class='ocrx_word' id='word_1_257' title='bbox 331 4235 519 4325; x_wconf 92' lang='lat' dir='ltr'>Olympum,</span> <span class='ocrx_word' id='word_1_258' title='bbox 544 4233 798 4301; x_wconf 82' lang='lat' dir='ltr'>Thessalonicae</span> <span class='ocrx_word' id='word_1_259' title='bbox 821 4233 990 4316; x_wconf 82' lang='lat' dir='ltr'>Jascnem,</span> <span class='ocrx_word' id='word_1_260' title='bbox 1014 4233 1130 4323; x_wconf 84' lang='lat' dir='ltr'>Sylam</span> <span class='ocrx_word' id='word_1_261' title='bbox 1154 4233 1316 4314; x_wconf 92' lang='lat' dir='ltr'>Corinthi,</span> <span class='ocrx_word' id='word_1_262' title='bbox 1340 4232 1453 4299; x_wconf 91' lang='lat' dir='ltr'>Partis</span> <span class='ocrx_word' id='word_1_263' title='bbox 1472 4231 1580 4298; x_wconf 91' lang='lat' dir='ltr'>Hero-</span> 
     </span>
     <span class='ocr_line' id='line_1_39' title="bbox 330 4318 1581 4411; baseline -0.002 -22"><span class='ocrx_word' id='word_1_264' title='bbox 330 4324 472 4406; x_wconf 88' lang='lat' dir='ltr'>dianum,</span> <span class='ocrx_word' id='word_1_265' title='bbox 496 4322 736 4391; x_wconf 76' lang='lat' dir='ltr'>Thauriaminii</span> <span class='ocrx_word' id='word_1_266' title='bbox 770 4321 939 4411; x_wconf 82' lang='lat' dir='ltr'>Magnum,</span> <span class='ocrx_word' id='word_1_267' title='bbox 974 4322 1200 4390; x_wconf 90' lang='lat' dir='ltr'>Alexandriae</span> <span class='ocrx_word' id='word_1_268' title='bbox 1236 4321 1395 4401; x_wconf 89' lang='lat' dir='ltr'>Marcum,</span> <span class='ocrx_word' id='word_1_269' title='bbox 1431 4318 1581 4408; x_wconf 91' lang='lat' dir='ltr'>amplius</span> 
     </span>
    </p>
   </div>
   <div class='ocr_carea' id='block_1_9' title="bbox 330 4406 1580 4502">
    <p class='ocr_par' dir='ltr' id='par_1_10' title="bbox 330 4406 1580 4502">
     <span class='ocr_line' id='line_1_40' title="bbox 330 4406 1580 4502; baseline -0.005 -22"><span class='ocrx_word' id='word_1_270' title='bbox 330 4419 441 4481; x_wconf 87' lang='lat' dir='ltr'>autem</span> <span class='ocrx_word' id='word_1_271' title='bbox 467 4416 502 4479; x_wconf 89' lang='lat' dir='ltr'>in</span> <span class='ocrx_word' id='word_1_272' title='bbox 525 4411 648 4502; x_wconf 86' lang='lat' dir='ltr'>Niceae</span> <span class='ocrx_word' id='word_1_273' title='bbox 670 4410 832 4480; x_wconf 77' lang='lat' dir='ltr'>Thraciae</span> <span class='ocrx_word' id='word_1_274' title='bbox 854 4410 1009 4501; x_wconf 87' lang='lat' dir='ltr'>partibus</span> <span class='ocrx_word' id='word_1_275' title='bbox 1033 4412 1172 4480; x_wconf 91' lang='lat' dir='ltr'>similem</span> <span class='ocrx_word' id='word_1_276' title='bbox 1204 4411 1381 4500; x_wconf 88' lang='lat' dir='ltr'>apparavit</span> <span class='ocrx_word' id='word_1_277' title='bbox 1417 4406 1580 4492; x_wconf 88' lang='lat' dir='ltr'>ordinem,</span> 
     </span>
    </p>
   </div>
   <div class='ocr_carea' id='block_1_10' title="bbox 967 3264 1185 3348">
    <p class='ocr_par' dir='ltr' id='par_1_11' title="bbox 967 3264 1185 3348">
     <span class='ocr_line' id='line_1_41' title="bbox 967 3264 1185 3348; baseline -0.005 -20"><span class='ocrx_word' id='word_1_278' title='bbox 967 3268 1026 3328; x_wconf 90' lang='lat' dir='ltr'>ant</span> <span class='ocrx_word' id='word_1_279' title='bbox 1042 3264 1185 3348; x_wconf 87' lang='lat' dir='ltr'>origines</span> 
     </span>
    </p>
   </div>
   <div class='ocr_carea' id='block_1_11' title="bbox 404 4635 941 4710">
    <p class='ocr_par' dir='ltr' id='par_1_12' title="bbox 404 4635 941 4710">
     <span class='ocr_line' id='line_1_42' title="bbox 404 4635 941 4710; baseline -0.009 -14"><span class='ocrx_word' id='word_1_280' title='bbox 404 4636 423 4708; x_wconf 82' lang='lat'>¹)</span> <span class='ocrx_word' id='word_1_281' title='bbox 442 4637 481 4696; x_wconf 88' lang='lat' dir='ltr'>De</span> <span class='ocrx_word' id='word_1_282' title='bbox 500 4635 660 4710; x_wconf 84' lang='lat' dir='ltr'>praescript.</span> <span class='ocrx_word' id='word_1_283' title='bbox 680 4637 786 4696; x_wconf 88' lang='lat' dir='ltr'>haeres.</span> <span class='ocrx_word' id='word_1_284' title='bbox 808 4636 871 4710; x_wconf 85' lang='lat' dir='ltr'>Cep.</span> <span class='ocrx_word' id='word_1_285' title='bbox 898 4638 941 4692; x_wconf 85' lang='grc'>32.</span> 
     </span>
    </p>
   </div>
   <div class='ocr_carea' id='block_1_12' title="bbox 0 0 1736 5366">
    <p class='ocr_par' dir='ltr' id='par_1_13' title="bbox 0 0 1736 5366">
     <span class='ocr_line' id='line_1_43' title="bbox 0 0 1736 5366; baseline 0 0"><span class='ocrx_word' id='word_1_286' title='bbox 0 0 1736 5366; x_wconf 95' lang='lat' dir='ltr'> </span> 
     </span>
    </p>
   </div>
  </div>
 </body>
</html>
