3476 5366
791 359 908 462 129.--

198 578 331 666 gationi
351 579 537 665 injungens,
562 582 601 644 ut
623 578 666 644 ad
689 579 918 666 corrigendum
936 579 1048 668 siquid
1072 580 1105 646 in
1129 579 1288 648 Oonciliis
1316 581 1449 671 provin·

199 668 340 736 cialibus
373 665 517 733 fortasse
550 665 649 732 nimis
682 666 838 754 rigidum,
873 677 933 735 snt
960 666 1084 736 rationi
1116 667 1226 736 miuus
1265 691 1448 756 congruum

199 752 477 846 deprehendatur,
501 753 635 822 decreta
658 775 771 822 eorum
793 755 835 820 ad
858 778 893 823 se
918 755 1009 823 mitti
1043 755 1259 844 undecunque
1283 763 1448 826 terrarum

198 845 393 935 praecipiat,
423 848 524 931 atque
556 841 690 929 singula
724 842 890 930 expendet
923 850 958 912 et
992 850 1217 931 recognoscat.
1249 843 1324 912 Nou
1348 845 1449 914 semel

198 939 313 1002 autem
336 929 469 1011 accidit,
492 929 716 998 Prouincialia
738 929 886 998 Concilia
917 953 982 1000 non
1016 931 1123 998 solum
1145 954 1166 998 6
1188 953 1281 1001 sacra
1305 933 1452 1022 Congre-

198 1021 337 1110 getione
359 1017 501 1088 concilii
534 1016 735 1104 recognosci,
759 1024 794 1084 et
816 1018 847 1085 si
868 1041 952 1122 opus
986 1019 1099 1101 fuerit,
1133 1021 1309 1103 emendari,
1334 1043 1450 1090 verum

199 1108 303 1177 etium
325 1130 345 1175 6
368 1128 496 1176 summo
512 1105 683 1190 Pontifice‚
706 1105 756 1172 itu
778 1107 969 1194 petentibus
985 1107 1265 1196 Metropolitunis,
1288 1132 1308 1176 a
1330 1110 1451 1198 quibus

199 1203 282 1266 sunt
310 1196 488 1276 celebrata,
529 1216 589 1282 per
624 1193 825 1296 apostolicas
863 1194 979 1263 literas
1017 1195 1215 1264 confirmari.
1260 1196 1364 1286 Cujus
1400 1195 1451 1266 rei

223 1286 299 1353 lura
321 1283 472 1373 exemplu
494 1287 584 1364 sunt,
609 1281 700 1368 (v1de
722 1281 845 1350 Baned.
884 1283 978 1354 XIV.
1003 1283 1044 1352 de
1058 1283 1192 1373 synod.
1216 1284 1328 1353 Dioec.
1352 1284 1448 1353 Libr.

199 1307 300 1442 iun.
323 1372 402 1461 Gap.
426 1370 492 1438 ΙΠ.
517 1369 577 1438 Nr.
613 1369 678 1442 111.
713 1368 789 1456 IV.)
820 1370 894 1438 Hoc
926 1378 1036 1440 tamen
1067 1374 1323 1457 nonobstante
1348 1373 1451 1441 etiam

198 1461 235 1530 in
259 1483 339 1530 casu
376 1460 534 1529 obtentae
567 1458 826 1528 confirmationis
864 1459 897 1526 S.
936 1459 1153 1549 Apostolicae
1175 1460 1274 1543 sedis,
1298 1462 1449 1550 vigorem

199 1550 327 1618 babent
349 1554 483 1616 tantum
527 1568 565 1614 ro
588 1568 627 1616 ea
649 1546 822 1636 provincia
844 1547 1077 1632 ecclesiastica,
1114 1548 1209 1653 cnjus
1231 1548 1262 1619 Ε
1285 1550 1389 1639 isoopi
1414 1572 1454 1616 66

199 1638 337 1706 decretu
369 1570 581 1704 snodaiiter
614 1635 807 1722 congregati
831 1635 992 1705 tulerunt.
1027 1638 1242 1724 (Benedictus
1305 1637 1366 1708 IV.
1390 1637 1450 1706 ibi·

199 1725 276 1794 dem
299 1726 360 1796 Nr.
423 1727 449 1814 .)

196 1908 236 2004 ὅ.
269 1903 364 1987 114.
392 1905 456 1986 De
484 1900 782 2007 publicatione
824 1905 1109 1988 Decretorum
1150 1905 1334 1988 Concilii
1360 1928 1453 2005 pro·

725 2029 942 2113 vincialis.

300 2178 444 2246 Decreta
493 2175 716 2246 conciliorum
761 2175 1016 2265 provincialium
1060 2175 1277 2265 publicentur
1322 2177 1454 2244 nomine

196 2265 437 2355 Metropolitae
471 2265 530 2352 qui
558 2287 597 2332 ea
628 2286 693 2353 quu
725 2264 886 2332 definiens
919 2264 1128 2352 subscripsit,
1153 2269 1187 2331 et
1209 2284 1295 2352 quae
1333 2264 1453 2353 reliqui

196 2361 319 2423 votum
350 2353 532 2422 decisivum
566 2353 725 2420 babentes
757 2373 824 2437 qna
861 2351 1081 2420 assentientes
1104 2351 1310 2420 subscribere
1333 2351 1452 2434 solent,

194 2449 303 2528 atque
328 2441 481 2528 obligent
506 2446 613 2508 totam
643 2440 848 2530 provinciam
882 2439 1141 2508 ecclesiasticam
1176 2438 1280 2510 donec
1302 2440 1454 2528 legitime

195 2554 267 2600 non
291 2535 473 2598 mutentur.
497 2528 625 2596 Mutari
648 2534 760 2595 autem
791 2535 952 2617 possunt:

298 2619 335 2706 a)
360 2639 419 2706 per
440 2638 603 2685 summum
626 2616 817 2687 Pontificem
842 2623 877 2688 at
899 2615 1083 2685 Concilium
1101 2615 1365 2702 oecumenicum

298 2708 330 2793 b)
352 2729 413 2795 per
434 2704 650 2794 posteriorem
674 2704 845 2794 Synodum
869 2705 1015 2794 ejusdem
1047 2704 1261 2788 Provinciae,

223 2883 232 2898 ·
282 2797 330 2948 ⁰⁶1)
352 2815 412 2884 per
448 2793 635 2882 legitimam
678 2793 949 2862 consuetudinem
998 2791 1231 2874 universalem,
1285 2791 1339 2860 vel
1381 2813 1454 2880 pro·

196 2904 313 2950 viuere
328 2905 391 2952 em.

299 2969 465 3058 Sacasque
503 2969 730 3056 singularibus
763 2969 939 3059 Episcopis
972 2991 1036 3037 nou
1071 2974 1124 3037 est
1156 2967 1303 3036 facultas
1336 2967 1379 3035 ub
1409 2967 1453 3034 iis

197 3057 346 3128 decretis
368 3057 593 3148 dispensandi,
617 3063 677 3127 aut
700 3063 816 3126 contra
838 3057 899 3126 illa
931 3057 1109 3146 privilegia
1131 3054 1334 3125 conterendi.

434 3239 470 3333 ἓ.
502 3236 595 3318 115.
622 3237 685 3317 De
713 3234 902 3338 Synodis
930 3235 1223 3320 Dioecesanis.

300 3381 448 3450 Oenones
472 3381 645 3450 orientalis
668 3381 847 3461 Ecclesiae,
871 3380 1083 3470 Synodossic
1099 3379 1208 3446 dictes
1226 3378 1452 3455 dioecesanas,

199 3492 263 3537 seu
285 3470 559 3557 congregationes
582 3470 671 3539 Cleri
705 3467 891 3537 dioecesani
928 3470 988 3536 sub
1021 3467 1188 3571 praesidio
1215 3465 1269 3533 sui
1291 3464 1453 3554 Episcopi

199 3557 246 3626 ad
270 3558 504 3627 consulendum
527 3565 562 3626 et
585 3557 799 3626 statuendum
834 3557 876 3626 de
905 3555 1050 3644 negotiis
1083 3553 1329 3635 ecclesiasticis,
1358 3551 1456 3638 igno·

200 3652 302 3732 rant;
326 3669 399 3715 cum
422 3647 444 3714 ii
468 3648 576 3715 solum
600 3646 641 3714 de
674 3647 820 3730 Synodie
855 3644 1093 3734 Eiscoporum
1124 3666 1197 3710 cum
1219 3641 1450 3729 Metropolite,

200 3734 258 3802 vel
282 3758 354 3802 cum
377 3735 583 3815 Putriarcba,
608 3741 668 3802 aut
689 3736 840 3802 Primate
861 3669 1003 3820 aiicujus
1026 3731 1187 3820 Regionis
1232 3728 1449 3798 raescribaut.

199 3823 285 3892 Ideo
308 3824 409 3890 etiam
432 3823 560 3912 Synodi
584 3823 796 3892 dioecesanae
829 3823 866 3888 in
900 3821 1051 3888 Ecclesia
1075 3753 1231 3888 orientuii
1255 3818 1295 3885 de
1318 3817 1455 3918 Canope

201 3915 239 3981 in
263 3933 328 3979 usu
349 3933 414 3978 non
437 3917 525 3980 sunt.
551 3911 647 3996 Quod
671 3918 783 3979 autem
805 3910 840 3976 in
863 3909 1100 3976 Transilvania
1125 3907 1313 3974 celebratae
1329 3905 1458 3972 luerint

201 4001 332 4090 Synodi
367 4000 587 4081 dioecesanae,
620 3999 664 4080 id,
689 4023 708 4066 e
730 3999 862 4066 decreto
904 3997 1041 4083 Georgii
1076 3995 1224 4064 dedczi
1247 3993 1457 4092 calvinistes

200 4089 421 4177 repetendum
443 4095 505 4169 est,
530 4094 652 4176 puncto
686 4088 733 4155 H.
780 4085 1036 4154 rsescribentis:
1073 4084 1170 4168 Quod
1190 4082 1335 4169 singulis
1359 4100 1457 4146 sums

201 4177 372 4245 universis
393 4177 557 4265 Episcopo
592 4180 686 4262 (tuno
719 4111 947 4262 uobismetioo)
982 4173 1142 4260 subjectis
1164 4169 1357 4260 pastoribus
1380 4167 1459 4268 Epi·

202 4287 325 4353 scopus
348 4264 536 4351 generalem
559 4265 683 4333 indicet
706 4264 888 4353 Synodnm,
913 4259 980 4340 ubi,
1005 4259 1091 4327 siin
1115 4258 1259 4346 negotio,
1276 4256 1457 4344 religionis

202 4352 375 4440 quidpiam
398 4352 539 4420 arduum
563 4359 759 4434 occurreret,
784 4350 956 4420 consultet
989 4349 1090 4415 etiam
1151 4348 1321 4502 pliscopum
1346 4342 1457 4445 Calvi·

202 4443 351 4522 niannm,
376 4447 411 4508 et
433 4463 627 4509 consensum
651 4441 723 4531 ejus
746 4448 857 4508 ratum
887 4445 923 4506 et
961 4451 1131 4525 acceptum
1187 4435 1309 4503 abebit.
1334 4431 1457 4518 (Major

201 4529 297 4598 Hist
333 4528 411 4598 eccl.
471 4579 479 4596 .
512 4529 581 4620 95.)
616 4529 733 4613 Quoad
768 4525 923 4618 Synodos
954 4545 1033 4610 ergo
1065 4523 1277 4592 dioecesanas
1308 4521 1456 4608 adquae

201 4616 421 4688 celebrandas
444 4552 750 4688 brusco-catholici
772 4639 831 4705 per
854 4635 983 4685 sacrem
999 4613 1154 4681 unionem
1175 4611 1231 4701 jus
1254 4608 1458 4679 canonicum

200 4705 465 4796 acquisiverunt,
500 4705 734 4776 recurrendum
773 4710 826 4773 est
864 4703 906 4772 ed
946 4699 1184 4772 subsidiarium
1222 4721 1284 4788 pro
1323 4694 1461 4834 Graepis

10 5021 340 5330 Q
