3464 5366
888 348 932 416 80

804 443 1009 460 ffl-——ffl

286 567 376 637 tricii
398 590 523 658 nempe,
547 573 582 636 st
604 569 773 652 Consules,
798 575 833 638 et
854 569 1003 660 reliquae
1025 568 1219 658 dignitates.
1244 568 1292 636 Et
1322 564 1531 654 quemadmo-

287 657 365 724 dum
386 656 576 748 Imperialis
598 657 763 726 exercitus
786 661 924 726 ornatus
947 663 1008 739 est,
1031 656 1082 724 ita
1105 656 1292 728 sancimus:
1315 659 1413 725 utet
1458 673 1532 718 san·

286 750 361 812 ctaa
383 744 553 813 Romanae
575 744 746 814 Ecclesiae
767 745 884 814 Clerus
907 752 1053 813 ornetur.
1076 744 1245 826 Adhaec,
1282 739 1444 835 quomodo
1468 739 1532 806 lm·

287 832 455 920 paratoria
478 837 629 922 potestas
652 833 768 901 multis
791 833 910 902 officiis
928 838 1118 914 exornatur,
1135 833 1358 913 cubiculariis,
1371 827 1530 908 ostiariis,

287 926 322 988 et
344 918 602 1004 excubitoribus,
626 921 674 989 sic
697 922 797 990 etiam
821 926 970 990 sanctam
993 922 1217 988 Romanorum
1262 918 1443 989 Ecclesiam
1482 937 1534 982 ex·

288 1007 400 1075 ornari
427 1007 585 1076 volumus.
609 1010 661 1078 At
683 1031 761 1078 vero
784 1013 822 1078 ut
844 1009 1055 1098 Episcopalis
1099 1008 1257 1098 splendor
1301 1008 1336 1075 in
1381 1004 1534 1076 omnibus

288 1096 487 1250 ¹ppasluceat,
511 1099 611 1163 etiam
635 1097 696 1165 hoc
718 1100 893 1180 sancimus,
917 1103 957 1165 ut
994 1096 1107 1165 clerici
1140 1103 1275 1165 sanotae
1307 1096 1533 1164 Romanorum

319 1184 458 1252 cclesias
481 1184 627 1252 caballos
650 1186 800 1254 candidis
819 1185 937 1253 linteis
961 1191 1095 1254 ornatos
1119 1185 1281 1274 equitent.
1312 1185 1360 1250 Et
1382 1177 1536 1268 quemad·

290 1273 421 1338 modum
444 1271 588 1340 Senatus
611 1281 725 1342 noster
748 1274 970 1341 calceamenta
991 1274 1062 1340 sive
1085 1273 1237 1340 sandalia
1260 1295 1300 1341 ex
1322 1270 1437 1339 linteis
1460 1289 1535 1335 can-

290 1359 368 1427 dida
390 1368 513 1448 gestat,
536 1361 585 1428 ita
608 1362 708 1430 etiam
731 1362 805 1448 illi3
829 1401 874 1412 -
896 1371 935 1429 ut
958 1362 1071 1430 eodem
1116 1361 1211 1428 modo
1256 1358 1423 1439 coelestia,
1469 1377 1540 1444 quo.

288 1448 464 1514 terrestria
486 1448 530 1514 ad
552 1447 683 1516 laudem
706 1449 785 1517 DEI
807 1455 970 1538 spectent.
990 1449 1097 1538 Supra
1121 1449 1231 1516 omnia
1252 1449 1289 1520 in
1319 1448 1476 1515 honorem
1501 1451 1537 1510 et

289 1535 430 1622 gloriam
452 1534 559 1624 ipsius
581 1536 726 1618 Domini,
752 1544 788 1605 et
811 1537 1006 1606 Servatoris
1028 1537 1134 1604 nostri
1159 1535 1244 1605 Jesu
1288 1534 1426 1616 Christi,
1470 1531 1535 1618 ipsi

290 1621 500 1691 sanctissimo
522 1623 618 1691 Patri
641 1634 755 1693 nostro
801 1625 977 1714 Sylvsstro
1022 1626 1197 1714 Episcopo,
1242 1633 1277 1692 et
1308 1625 1420 1713 Papae
1442 1621 1537 1688 urbis

290 1711 425 1792 Romae,
449 1712 665 1802 omnibusque
688 1715 931 1782 successoribus
954 1715 1025 1802 ejus
1049 1714 1157 1780 beatis
1180 1707 1537 1802 Episcopis,iueadem

290 1820 420 1888 magna,
444 1805 545 1884 atque
568 1801 764 1891 Apostolica
789 1801 940 1870 Ecclesia
962 1807 1164 1890 potestatam
1189 1800 1306 1870 damus
1329 1804 1365 1868 et
1387 1795 1535 1867 concedi·

290 1909 373 1968 mus,
396 1892 437 1956 ut
459 1887 564 1976 siquis
583 1911 623 1956 ex
646 1889 782 1972 Senatu,
806 1895 925 1979 'suapte
959 1899 1083 1979 sponte,
1115 1895 1149 1957 et
1180 1889 1317 1958 lubente
1360 1888 1539 1956 voluntate

291 1975 442 2044 Clericus
463 1975 547 2058 fieri,
572 1999 772 2066 numeroque
794 1983 984 2046 sanctorum
1009 1978 1203 2045 clericorum
1225 1976 1395 2046 numerari
1439 1972 1536 2052 velit,

290 2063 403 2131 nullus
427 2065 559 2133 omnino
581 2065 629 2132 illi
652 2065 888 2155 impedimento
912 2088 984 2134 esse
1008 2064 1139 2134 audeat.
1164 2063 1426 2134 Sancivimusad
1443 2063 1535 2142 haec,

291 2159 330 2218 ut
352 2157 388 2219 et
409 2152 481 2240 ipsc
503 2153 578 2241 pius
600 2154 704 2221 Pater
726 2159 841 2221 noster
863 2154 1049 2243 Sylvester,
1075 2175 1214 2241 magnus
1259 2153 1455 2243 Episcopus,
1501 2155 1539 2216 et

292 2260 404 2307 omnes
427 2239 584 2330 Episcopi
607 2264 813 2310 successores
836 2241 918 2330 ejus,
941 2249 1115 2330 gestarent
1128 2241 1369 2323 diadema,'sive
1384 2259 1539 2308 coronam

292 2351 332 2396 cx
354 2345 443 2416 purc'
460 2351 551 2411 auro,
576 2334 611 2397 et
641 2330 943 2398 inaestimabilibus
980 2329 1180 2417 margaritis,
1215 2350 1314 2415 quam
1348 2351 1388 2398 ex
1419 2326 1541 2414 Capite

292 2425 407 2484 nostro
429 2417 439 2485 i
465 2417 494 2485 si
517 2417 727 2500 tradidimus,
758 2425 933 2506 gestarent
966 2425 1078 2485 autem
1111 2418 1147 2484 in
1178 2417 1354 2507 Capitibus
1389 2414 1458 2483 suis
1494 2407 1540 2480 ad

292 2503 423 2572 laudem
478 2505 537 2589 EI,
562 2512 596 2574 et
618 2506 654 2572 in
676 2505 832 2574 bonorem
856 2507 964 2574 sancti
973 2506 1140 2596 Principis
1149 2505 1397 2596 Apostolorum.
1411 2501 1540 2572 Verum

291 2595 364 2682 ipse
385 2593 597 2661 beatissimus
618 2595 712 2682 Papa
735 2595 1193 2684 Sylvcstersupercoronam,
1215 2591 1540 2684 sivepapalethram,

293 2680 455 2765 quemad
477 2682 619 2770 gloriam
641 2682 724 2750 DEI
747 2691 781 2750 ct
803 2682 912 2750 sancti
934 2683 1028 2752 Petri
1052 2681 1206 2764 habebat,
1245 2683 1381 2750 nolebat
1405 2683 1542 2768 portare

293 2791 446 2836 eoronam
469 2792 583 2850 meam,
609 2771 663 2838 vel
686 2771 942 2857 margaritarum
966 2770 1105 2859 plenem.
1130 2770 1201 2838 Nos
1224 2793 1303 2839 vero
1348 2772 1542 2860 propterea,
1620 2839 1622 2844 ,

293 2857 382 2941 quod
404 2865 538 2926 sanctus
561 2857 738 2947 Sylveetcr
761 2880 897 2926 auream
941 2880 1096 2932 coronam
1127 2861 1265 2948 respuit,
1298 2863 1414 2926 sancto
1445 2851 1542 2923 illius

294 2945 397 3034 capiti
418 2945 703 3016 radiantissimum
727 2948 843 3027 lorum,
869 2952 1114 3014 sacrosanctam
1146 2947 1424 3015 resurrectionem
1439 2942 1540 3010 deno-

293 3039 381 3115 tans,
405 3034 531 3103 uostris
554 3035 704 3103 manibus
726 3036 963 3124 imposuimus,
988 3042 1023 3102 et
1045 3039 1178 3123 arrepto
1201 3034 1417 3113 adorationis,
1441 3031 1539 3098 timo·

294 3122 405 3211 risque
427 3122 536 3190 sancti
557 3122 650 3191 Petri
681 3144 771 3211 ergo,
795 3122 870 3208 equi
893 3123 999 3212 ipsius
1023 3124 1125 3204 freno,
1150 3123 1290 3191 statoris
1323 3121 1470 3190 officium
1493 3116 1544 3184 fe·

295 3210 408 3293 cimus,
432 3211 629 3292 sancientes,
652 3216 690 3278 ut
713 3233 825 3279 omnes
848 3233 1053 3280 successores
1076 3211 1158 3297 ejus,
1172 3211 1216 3278 ad
1228 3210 1449 3281 imitationem
1472 3205 1541 3274 Im·

294 3299 481 3387 peratoriae
504 3299 693 3388 Majestatis
716 3298 787 3366 loro
809 3304 951 3368 utantur
973 3299 1009 3366 in
1031 3299 1305 3388 processionibus.
1329 3298 1381 3370 At
1403 3317 1482 3367 vero
1504 3293 1543 3360 id

295 3386 379 3468 ideo,
402 3394 442 3456 ut
465 3409 506 3455 ne
529 3387 677 3475 dignitas
700 3387 909 3476 Episcopalis
932 3393 1173 3456 contemnetur.
1214 3387 1304 3471 Quin
1348 3385 1450 3456 etiam
1476 3403 1543 3449 am·

295 3475 410 3562 pliore,
434 3497 532 3564 quam
554 3475 605 3544 lm
630 3477 774 3544 aratoria
798 3480 913 3542 nostra
936 3484 1068 3544 terrena
1090 3475 1261 3564 Maiestas,
1285 3474 1456 3564 potentiae
1465 3493 1544 3560 quo·

296 3584 360 3648 que
382 3562 556 3653 splendore
579 3499 774 3632 adornetur:
799 3577 876 3631 ecoe'
894 3563 1058 3651 palatium
1080 3571 1230 3632 nostrum
1253 3570 1293 3632 ut
1304 3561 1539 3656 praediximus,

297 3659 332 3719 et
353 3653 469 3720 urbem
490 3652 629 3719 Romam
652 3674 712 3720 nec
734 3651 1120 3720 nonuuiversaeltaliae
1142 3650 1463 3734 occidentaliumque
1477 3647 1544 3716 Re·

296 3739 433 3825 gionum
456 3739 696 3821 Praefectum,
720 3738 802 3818 loca,
826 3745 926 3824 atque
964 3744 1083 3820 castra,
1129 3739 1300 3829 praedicto
1347 3735 1541 3809 beatissimo

299 3828 461 3918 Episcopo
484 3834 518 3896 et
540 3829 631 3917 patri
654 3833 768 3895 nostro
791 3826 967 3915 Sylvestro
989 3828 1101 3917 Papae
1124 3828 1298 3910 tradimus,
1322 3825 1434 3916 stipsi
1458 3824 1544 3914 ejus·

299 3938 361 4001 que
384 3917 637 3998 successoribus,
660 3917 912 4004 imperatoriam
935 3914 1120 4004 imperandi
1143 3919 1388 3997 auctoritatem,
1422 3921 1457 3982 et
1489 3934 1546 4003 po·

298 4010 456 4072 testatem
477 4005 712 4094 permittimus,
735 4013 835 4088 atque
859 4026 941 4082 eam,
966 4024 1025 4092 per
1056 4003 1140 4070 banc
1174 4003 1322 4072 divinam
1351 4003 1544 4094 jussionem,

299 4101 334 4160 et
355 4096 594 4182 pragmaticam
617 4094 892 4160 constitutionem
916 4091 1045 4159 firmam
1068 4113 1259 4180 permanere
1283 4093 1459 4171 sancimus,
1496 4089 1545 4156 vi·

299 4181 411 4265 risque
432 4187 567 4250 sanctae
590 4182 814 4249 Romanorum
836 4178 1005 4247 Ecclesiae
1037 4178 1074 4246 in
1105 4186 1277 4247 aeternum
1321 4179 1543 4248 concedimus.

301 4268 465 4352 Quorsum
488 4269 588 4338 etiam
612 4269 695 4338 utile
718 4269 790 4335 fore
813 4267 1104 4350 consideravimus,
1135 4269 1164 4336 si
1198 4268 1452 4357 Imperatoriam
1488 4287 1544 4332 no·

300 4369 404 4426 stram
426 4357 638 4446 Majestatem
669 4356 806 4446 ejusque
850 4355 1035 4444 potentiam
1079 4357 1114 4426 in
1161 4356 1349 4425 Orientales
1393 4352 1546 4442 regiones

300 4445 565 4529 transterremus,
589 4451 623 4515 et
646 4446 680 4513 in
703 4443 888 4533 Byzantioo
911 4467 1003 4532 agro,
1026 4445 1098 4514 loco
1121 4444 1299 4526 commodo,
1332 4444 1393 4511 sub
1416 4445 1547 4512 nomine

301 4543 416 4608 nostro
439 4534 611 4603 civitatem
633 4533 845 4619 erigeremus,
866 4539 967 4622 atquc
990 4533 1037 4601 ibi
1060 4542 1208 4601 nostram
1232 4533 1443 4620 Majestatem
1479 4531 1546 4598 col·

301 4623 493 4693 locaremus.
518 4621 800 4710 Quandoquidem,
820 4621 875 4686 ubi
898 4623 1091 4709 primarium
1114 4621 1358 4701 Sacerdotium,
1391 4617 1545 4687 christia·

301 4734 428 4802 uaeque
449 4711 622 4799 religionis
644 4715 745 4797 caput
767 4707 907 4778 coelitus
931 4717 978 4780 est
1006 4710 1235 4794 constitutum,
1259 4715 1300 4782 ut
1320 4707 1444 4780 ibidem
1479 4711 1545 4780 ter·
