3426 5368
708 357 911 464 .-au-

186 573 416 642 exbalatioues
438 595 610 660 corporum
636 581 840 643 mortuorum
867 577 1052 644 viventium
1099 575 1285 646 valetudini
1329 579 1428 644 noxia

187 658 351 744 evadant;
375 658 507 746 -jam
530 659 736 728 Theodosius
765 661 952 750 Imperator
995 664 1273 750 praescripseram
1321 665 1431 732 omnia

186 767 272 834 quae
293 767 396 836 supra
419 753 543 814 terram
564 751 656 816 urnis
680 748 803 830 clausa,
829 749 880 816 val
905 747 1117 837 sarcophagis
1129 771 1267 838 corpora
1283 749 1445 839 detines-⁰

186 843 245 901 tur
266 841 364 902 extra
384 834 499 902 urbem
523 835 637 901 delata
657 839 863 924 ponantur.¹)
886 837 966 905 Ideo
989 842 1102 904 autem
1124 859 1220 904 secus
1252 841 1337 903 viam
1361 861 1434 904 oon·

185 925 376 990 stituuntur
398 926 603 1004 coemeteria,
627 934 667 990 ut
690 928 811 993 mortui
834 929 927 1015 quasi
964 933 1217 1015 praetereuntes
1263 932 1435 992 monerent

185 1032 221 1078 ae
244 1009 358 1092 fuisse,
382 1016 417 1077 et
440 1010 514 1078 illos
538 1033 610 1078 esse
633 1011 802 1080 mortales.

389 1189 424 1283 ξ.
457 1188 550 1270 152.
578 1188 642 1270 De
669 1190 897 1292 sepultura
926 1189 1235 1272 ecclesiastica.

282 1331 413 1400 Nomen
435 1332 629 1422 sepulturae
654 1335 705 1402 vel
731 1339 876 1402 sumitur
919 1358 979 1424 pro
1022 1335 1098 1422 jure
1143 1335 1379 1403 inhumationie
1402 1337 1434 1401 in

186 1423 392 1501 coemeterio,
416 1421 470 1488 vel
494 1443 554 1510 pro
577 1425 646 1488 ritu
667 1445 726 1490 seu
750 1423 857 1492 officio
881 1424 1083 1512 sepulturae.
1108 1423 1290 1512 Sepultura
1336 1422 1439 1490 eccle·

185 1511 320 1576 siastica
343 1511 522 1598 privantur
544 1512 579 1596 a)
603 1533 668 1580 non
693 1511 864 1602 baptizati,
887 1535 952 1601 quo
976 1519 1131 1602 spectant
1164 1514 1263 1578 etiam
1286 1510 1438 1578 catechu-

186 1597 281 1677 meni,
307 1601 342 1664 et
364 1597 474 1685 proles
497 1598 751 1666 christianorum
775 1605 853 1667 ante
873 1601 1037 1688 baptisma
1069 1599 1282 1683 decedentes3
1307 1603 1335 1664 si
1358 1620 1437 1665 vero

186 1682 323 1751 dubium
346 1687 391 1752 sit
414 1707 493 1751 num
516 1689 583 1752 sint
605 1687 804 1775 baptizatae,
830 1709 896 1754 non
918 1695 997 1755 sunt
1021 1686 1202 1775 privandae
1217 1689 1438 1753 ecclesiastica

185 1773 372 1861 sepultura,
396 1776 481 1840 sicut
505 1796 565 1841 nec
588 1775 896 1857 catechumeniilli,
920 1780 975 1860 qui
998 1779 1061 1841 iam
1097 1779 1129 1840 in
1152 1775 1310 1862 religione
1355 1774 1438 1842 cbri-

185 1863 296 1927 stiana
319 1860 430 1928 debite
452 1864 609 1929 instructi
631 1869 712 1929 sunt
734 1870 768 1930 et
799 1863 995 1930 desiderium
1039 1865 1195 1954 baptismi
1239 1859 1437 1951 suscipiendi

186 1947 313 2030 fovent,
337 1951 394 2037 qui
415 1971 475 2037 per
499 1953 696 2038 baptismum
721 1949 863 2018 flaminis
885 1951 1054 2019 Ecclesiae
1077 1952 1286 2040 adcorporati
1317 1953 1436 2038 sunt’)

186 2037 219 2124 b)
242 2036 423 2118 Haeretici,
448 2038 567 2126 quibus
590 2042 757 2106 tamenin
782 2062 894 2107 casum
918 2043 945 2105 si
968 2043 1102 2128 proprio
1148 2042 1342 2107 coemeterio
1387 2059 1439 2104 ca·

187 2130 294 2205 reant,
318 2130 450 2192 tantum
473 2129 560 2193 ritus
582 2125 778 2215 sepulturae
802 2127 1004 2215 denegatur;
1029 2128 1246 2194 inhumantur
1268 2135 1380 2193 autem
1404 2129 1438 2192 in

186 2210 257 2280 loco
281 2216 468 2281 coemeterii
491 2220 679 2302 segregato.
704 2219 734 2300 c)
757 2215 897 2283 Notcrie
921 2219 1202 2297 excommunicati,
1227 2217 1288 2280 nisi
1312 2219 1344 2280 in
1360 2218 1438 2280 arti-

187 2300 260 2369 culo
284 2304 403 2368 mortis
426 2304 520 2389 signa
543 2306 768 2392 poenitentiae
791 2302 953 2384 dederint,
977 2311 1012 2372 et
1034 2303 1204 2372 Ecclesiae
1234 2303 1438 2370 reconciliati

187 2391 265 2456 sint.
290 2389 469 2475 leublici
492 2397 527 2456 et
551 2390 719 2457 manifesti
741 2395 893 2470 usurarii,
918 2395 981 2458 nisi
994 2391 1136 2458 alienum
1149 2393 1371 2470 restituerint,
1384 2391 1438 2456 vel

187 2476 339 2545 idoneam
362 2480 591 2566 praestiterint
615 2479 656 2545 de
666 2482 873 2547 restituendo
896 2484 1091 2548 cautionem.
1114 2483 1146 2567 e)
1169 2480 1210 2546 In
1232 2479 1345 2546 duello
1358 2500 1440 2544 mor·

187 2567 305 2655 tuis)
330 2568 397 2650 Qui
418 2588 479 2654 per
500 2589 622 2633 annum
647 2570 816 2656 integrum
841 2591 906 2635 non
951 2568 1165 2649 confitentur,
1211 2576 1246 2634 et
1290 2573 1439 2654 tempore

186 2654 335 2743 paschali
357 2675 485 2722 sacram
507 2658 660 2744 synaxim
683 2659 754 2722 sine
773 2657 868 2745 justa
892 2678 992 2724 causa
1015 2678 1081 2722 non
1106 2659 1299 2746 suscipiunt,
1323 2657 1385 2720 nisi
1398 2654 1439 2720 de

186 2741 322 2810 consilio
346 2743 528 2810 sacerdotis
552 2754 799 2832 prorogassent.
844 2749 882 2832 g)
928 2745 1364 2832 Suspensi-impoenitentes,
1404 2747 1440 2808 et

186 2853 299 2898 omnes
321 2833 433 2918 quiin
455 2832 586 2918 publice
609 2835 738 2898 notorio
761 2840 798 2900 et
820 2841 911 2900 certo
981 2840 1094 2900 eocatc
1139 2831 1271 2898 mortali
1316 2831 1440 2918 absque

185 2922 390 3007 poenitentia
415 2919 589 3001 decedunt,
614 2928 649 2988 et
672 2923 782 3008 quiin
807 2921 932 2988 actuali
955 2857 1047 2988 dbrto
1070 2931 1107 2989 et
1129 2923 1254 3009 rapina,
1299 2920 1439 2984 fornica·

186 3010 285 3088 tione,
310 3005 475 3074 adulterio
498 3013 535 3073 et
558 3007 745 3088 huiusmodi
769 3010 975 3079 occiduntur.
998 3010 1033 3097 h)
1058 3009 1211 3091 suicidae,
1236 3009 1269 3074 bi
1313 3010 1346 3072 in
1370 3028 1440 3073 coe·

186 3098 324 3162 meterio
335 3094 476 3182 quidem,
501 3095 559 3162 sed
582 3099 624 3164 ab
666 3118 707 3163 ue
729 3099 800 3163 ritu
823 3096 1046 3165 ecclesiastico
1069 3098 1295 3164 inhumantur.
1342 3095 1440 3162 Deni-

185 3205 248 3272 que
271 3205 291 3250 a
315 3182 436 3270 judicio
459 3121 804 3251 saecularisdictatam
828 3207 968 3274 poenam
990 3189 1109 3252 mortis
1132 3187 1314 3252 subeuntes
1330 3185 1440 3249 necin

184 3273 380 3339 coemeterio
406 3294 467 3339 nec
488 3275 557 3339 ritu
580 3274 802 3341 ecclesiastico
826 3272 1051 3354 inhumantur,

282 3363 379 3427 Nota.
403 3359 540 3427 Honore
562 3362 756 3452 sepulturae
779 3384 891 3429 carere
914 3361 1074 3428 Romanis
1101 3362 1320 3450 gravissimae
1363 3380 1439 3446 poe·

184 3470 247 3516 naa
270 3455 345 3514 erat
366 3469 481 3536 genus,
505 3471 571 3540 qua
594 3473 654 3517 ceu
678 3452 816 3516 maxime
839 3452 1055 3536 ignominiosa
1079 3451 1250 3515 christiani
1288 3469 1308 3512 a
1330 3468 1439 3535 perse·

183 3537 357 3604 autoribus
379 3558 477 3626 saepe
492 3542 572 3604 sunt
595 3538 716 3606 affecti.
740 3537 890 3605 Ecclesia
914 3539 1095 3604 christiana
1142 3539 1261 3602 nemini
1307 3532 1439 3620 quidem

182 3627 453 3708 inhumationem,
476 3625 536 3693 eed
558 3625 755 3714 quibusdam
792 3625 1048 3694 ecclesiasticum
1096 3623 1290 3714 sepulturae
1337 3625 1438 3688 ritum

182 3719 329 3794 tantum,
352 3712 426 3779 aliis
449 3720 560 3781 autem
583 3717 683 3782 etiam
707 3714 967 3782 inhumationem
991 3718 1024 3779 in
1048 3715 1243 3781 coemeterio
1282 3711 1438 3796 denegat.

182 3801 220 3892 2)
246 3799 402 3890 Negatae
424 3800 524 3889 hujus
547 3804 740 3890 sepulturae
763 3824 868 3890 poena
892 3825 956 3868 non
981 3824 1112 3890 semper
1156 3805 1208 3868 est
1254 3799 1345 3866 latae
1368 3819 1440 3864 sen·

183 3892 321 3970 tentiae,
346 3888 403 3955 sed
427 3889 603 3978 aliquando
628 3893 727 3957 etiam
751 3889 908 3956 ferendae
939 3894 1126 3958 sententiae
1194 3911 1284 3967 cena,
1332 3883 1441 3976 qualis

182 3986 245 4060 est,
293 3999 355 4044 uae
377 3979 411 4042 in
434 3977 642 4066 negligentes
669 3981 931 4045 communionem
954 3977 1146 4068 paschalem
1170 3913 1287 4056 fertur,
1301 3973 1441 4062 ideoque

181 4087 284 4155 paroc
310 4085 348 4132 us
371 4086 443 4131 eam
467 4069 600 4155 propria
624 4069 839 4148 auctoritate,
863 4075 923 4132 aut
946 4074 1025 4134 ante
1049 4069 1250 4132 sententiam
1283 4061 1441 4150 Episcopi

180 4153 300 4242 exequi
324 4153 449 4241 nequit.
473 4154 609 4243 Semper
631 4156 748 4242 igitur,
772 4153 1034 4240 quandocunque
1053 4154 1190 4221 dubium
1203 4151 1442 4220 occurritcon-

181 4242 344 4312 eulendus
366 4249 418 4308 eet
440 4243 635 4332 Episcopus,
659 4244 714 4329 qui
740 4244 774 4308 in
798 4240 899 4310 dubio
945 4243 1148 4312 sententiam
1194 4237 1437 4308 enunciandam

180 4331 285 4400 babet
319 4351 404 4484 unae
426 4333 455 4399 si
477 4333 580 4400 adens
623 4331 886 4420 ctarincqueat,
912 4329 1072 4397 indubio
1097 4329 1278 4397 favendum
1312 4333 1366 4392 cet
1388 4326 1442 4390 de·

179 4380 309 4488 funotd.

182 4583 393 4594 .-—.---—

365 4423 557 4508 requentius
602 4419 716 4488 ubium
741 4419 888 4487 occurrit
910 4419 1021 4508 quoad
1044 4417 1250 4500 autocbiroe,
1295 4437 1354 4482 scu
1377 4413 1443 4480 sui·

258 4665 279 4733 ¹)
299 4664 364 4722 Cod.
386 4665 487 4722 Theod.
508 4682 571 4721 nov.
592 4666 626 4720 de
647 4664 768 4736 sepulcr.
786 4662 814 4718 C.
837 4663 861 4717 6.

257 4739 278 4808 ²)
298 4738 473 4795 Innocentius
493 4739 538 4792 Ill.
560 4737 587 4794 C.
608 4737 738 4794 Debitum
758 4738 793 4792 dc
813 4739 892 4806 Bapl.
