3464 5366
845 463 861 466 -
884 367 1026 470 ἐξ

306 584 378 663 est;
403 586 553 652 sanetum
575 583 685 652 sedem
707 586 739 650 A
763 584 944 670 ostolicam,
969 587 1041 652 siue
1063 583 1158 673 cujus
1181 606 1319 652 assensn
1342 583 1435 652 nulla
1447 583 1550 652 datur

306 663 342 730 in
363 665 514 738 Ecclesia
535 670 719 742 christiana
740 607 894 760 legitima
916 673 1110 754 auctoritas,
1122 671 1302 740 admittere
1318 670 1470 740 Oenones
1481 676 1551 738 tam

306 750 546 842 Apostolorum
568 781 666 849 quam
689 763 723 827 et
746 759 968 828 Conciliorum
981 759 1193 850 ipsorumque
1205 763 1395 828 sanctorum
1408 759 1550 828 Petrum

304 847 405 927 prout
428 843 465 911 in
485 845 662 914 (lodicibus
686 847 905 916 orientalibus
928 847 1136 934 referuntur5
1161 847 1336 915 dummodo
1359 846 1553 917 tamensint

305 929 502 1015 authentici,
526 940 562 1002 et
584 934 815 1022 praesentibus
844 935 1016 1004 Ecclesiae
1035 992 1038 1000 .
1060 935 1244 1014 Orientalis
1288 934 1556 1004 circumstantiis,

304 1020 580 1178 {celsitati
593 1023 722 1179 till}
758 1022 1468 1185 12¹¹utilludtitilletur:
1490 1022 1552 1179 ll·

303 1197 503 1296 servandum
526 1203 587 1279 est,
609 1198 762 1273 ¹(lenones
784 1200 820 1268 in
842 1135 941 1298 ipsi?
947 1202 1131 1282 recensitos
1152 1199 1275 1270 habere
1287 1201 1322 1286 in
1334 1222 1370 1268 se
1381 1162 1554 1290 nonlrosse

303 1280 403 1350 alram
426 1286 672 1370 auctoritatem,
697 1287 921 1374 (mamillam,
945 1311 1011 1378 qua
1032 1287 1181 1377 gaudent
1203 1293 1356 1356 auctores
1367 1288 1499 1370 Graeci,
1512 1309 1552 1355 ex

302 1369 423 1457 quibus
446 1395 542 1442 excer
565 1375 594 1442 ti
616 1381 717 1462 sunt;
741 1381 777 1444 et
798 1395 895 1466 posse
917 1377 1051 1465 quidem
1072 1377 1133 1444 bos
1155 1375 1307 1446 Oenones
1322 1377 1552 1468 probationem

302 1459 411 1562 facere
426 1397 630 1562 'disciplinae
651 1464 815 1533 hactenus
837 1463 872 1530 in
895 1463 1047 1551 Ecclesia
1070 1465 1198 1534 Graeca
1232 1464 1441 1556 observatae,
1465 1485 1562 1554 quae

303 1543 480 1637 drscrphna
502 1555 643 1620 eatenus
665 1552 818 1641 legitima
841 1557 1093 1642 est,quetenus
1118 1551 1279 1620 innititur
1290 1552 1472 1622 canonibus
1495 1574 1551 1626 anf

301 1632 406 1724 tiquis
429 1637 471 1705 ab
492 1637 645 1709 Ecclesia
668 1639 841 1710 Catholica
863 1647 923 1710 aut
945 1647 1062 1726 saneta
1083 1641 1161 1710 sede
1184 1640 1348 1723 admissis,
1382 1647 1442 1709 aut
1471 1662 1551 1730 qua·

192 1737 194 1742 '
300 1725 401 1792 tonus
422 1724 592 1816 hucusque
613 1729 791 1797 observata
813 1728 910 1798 velut
943 1729 1130 1819 disciplina·
1151 1728 1322 1800 Ecclesiae
1367 1728 1550 1797 Orientalis

286 1810 387 1914 ¹nibil
401 1811 446 1880 'in
468 1835 504 1882 se
526 1817 678 1885 continet
700 1815 789 1922 qnod
810 1815 871 1884 fini
893 1815 1066 1887 Ecclesiae
1088 1817 1226 1907 ejusque
1241 1817 1550 1886 fundamentalibus

299 1901 481 2054 principiis,
505 1909 566 1972 aut
590 1904 810 1992 dignitatiet
831 1903 978 1974 utilitati
1000 1904 1170 1976 Ecclesiae
1182 1905 1329 1994 ejusdem
1341 1905 1548 1988 adversetur.

330 1993 408 2058 xtra
432 1989 569 2058 dubium
591 1997 704 2061 autem
727 1998 781 2062 est
802 1993 1041 2080 legislatricom
1062 1994 1235 2064 Ecclesiae
1258 1999 1293 2062 et
1309 1993 1548 2062 sanctaesedis

298 2076 515 2164 Apostolioae'
537 2080 774 2150 anctoritatem
796 2103 893 2170 posse
916 2082 1090 2152 emendare
1112 2088 1148 2150 et
1170 2088 1300 2150 mutare
1322 2081 1549 2172 huncquoque

299 2162 518 2256 disciplinam,
543 2169 804 2259 quotiescunque
839 2175 1033 2259 praesentes
1078 2169 1351 2240 circumstantiae
1395 2170 1549 2240 diversae

298 2253 431 2322 omnino
454 2255 496 2323 ab
520 2254 578 2338 eis,
599 2257 638 2325 in
660 2257 782 2347 quibus
804 2257 935 2345 antiqui
953 2258 1110 2340 canones
1132 2259 1259 2328 conditi
1293 2257 1442 2341 fixerunt,
1488 2259 1547 2326 ali·

297 2363 396 2430 quam
419 2341 682 2416 emendationem
696 2346 879 2438 exigerent
902 2354 963 2434 aut
986 2347 1214 2417 mutationem.

528 2525 563 2620 ὅ.
591 2520 660 2608 52.
687 2478 833 2608 Codex
872 2499 1092 2610 Ecclesiae
1119 2525 1315 2610 Latinae.
1371 2551 1378 2567 ²

320 2772 328 2789 Ι
350 2775 359 2790 .
378 2690 502 2762 'Codex
525 2691 696 2761 Ecclesiae
717 2691 870 2776 Latinae,
894 2695 953 2784 qui
974 2701 1116 2765 vocatur
1138 2679 1287 2786 „Dorpns
1320 2693 1346 2762 J
1348 2695 1417 2764 uris
1440 2692 1544 2761 Gano-

294 2781 393 2862 nrcr“,
416 2779 652 2869 complectitur
673 2780 709 2848 in
731 2803 767 2850 se
788 2782 816 2850 Ι.
841 2783 1021 2851 Decretum
1043 2783 1210 2865 Gratiani,
1234 2782 1322 2874 quod
1355 2781 1545 2850 construxit

293 2868 372 3018 post
393 2865 545 2938 Schisma
568 2868 683 2936 Photii
706 2869 794 2938 eirca
817 2869 991 2939 dimidium
1013 2871 1138 2941 saeculi
1161 2871 1241 2940 XII.
1288 2872 1323 2938 in
1346 2891 1412 2960 quo
1441 2868 1543 2955 ,exbi-

316 2961 416 3024 entur
438 2955 540 3024 etiam
563 2957 713 3026 Oenones
743 2958 894 3047 plerique
927 2959 1098 3028 Ecclesiae
1128 2959 1342 3028 Orientalis.·
1357 2957 1542 3028 Gratianus

293 3041 380 3111 enim
403 3046 583 3114 Decretum
605 3067 701 3113 suum
724 3047 914 3116 construxit
935 3069 976 3115 ex
998 3047 1292 3118 conciliorumtam
1301 3045 1542 3114 universalium

290 3152 391 3286 quam
411 3132 667 3223 particularium
690 3133 888 3217 Canonibus,
911 3135 1115 3206 Pontificum
1137 3135 1315 3227 Epistolis,
1338 3134 1479 3204 Petrum
1504 3137 1539 3200 et

325 3226 473 3290 ociorum
495 3221 666 3291 Ecclesiae
688 3223 988 3306 enunciationibus,
1012 3247 1107 3294 saera
1130 3227 1306 3314 scriptura,
1321 3221 1453 3310 legibus
1475 3221 1539 3290 Im-

290 3315 481 3396 peratorum
504 3311 729 3380 Romanorum
752 3318 786 3379 et
809 3312 940 3397 Regum
961 3313 1177 3395 Francorum,
1202 3313 1323 3403 quibus
1358 3333 1419 3378 sua
1463 3331 1541 3394 quo·

290 3418 355 3486 que
375 3397 530 3483 eddidit;
556 3399 598 3466 ad
620 3399 746 3489 hocque
768 3421 849 3467 usus
872 3406 925 3468 est
947 3401 1208 3483 collectionibus,
1251 3398 1415 3503 imprimis
1460 3397 1539 3465 Dio·

289 3485 380 3588 nysii
401 3487 529 3576 Exigui
552 3490 594 3573 (ξ.
619 3487 703 3577 37.)‚r
721 3487 855 3570 Isidori,
879 3489 1098 3578 Rheginonis,
1121 3488 1316 3558 Buoobardr
1329 3486 1539 3558 Vormatien-

288 3595 345 3658 ers,
368 3575 492 3658 Ivonis,
516 3574 597 3643 item
620 3576 753 3644 Aniano
775 3575 959 3661 Breviario,
980 3579 1072 3735 quod
1096 3578 1181 3666 legis
1203 3575 1456 3646 Theodosianae
1480 3596 1535 3641 no·

287 3663 376 3732 mine
399 3664 430 3732 ei
453 3663 556 3732 venit.
581 3662 685 3752 (Vide
707 3665 748 3732 de
770 3664 825 3733 his
847 3687 947 3754 opera
1006 3667 1093 3735 nris·
1125 3663 1344 3734 ecclesiastici
1388 3662 1539 3748 Latina.)

287 3748 434 3821 Vocavit
455 3752 640 3828 Gratianus
664 3775 746 3841 opus
769 3775 880 3821 suum:
900 3753 1138 3836 „Concordiam
1168 3752 1429 3824 discordantium
1475 3749 1540 3820 Ca·

288 3845 442 3924 nonum“,
466 3841 615 3928 eoquod
637 3841 770 3910 Auctor
792 3843 1049 3912 contrarietates
1072 3842 1243 3912 Cancrum
1288 3841 1322 3908 in
1347 3840 1452 3914 variis
1475 3839 1540 3908 col-

286 3928 484 3998 lectionibus
507 3936 715 4018 repertorum
737 3929 857 3998 tollere
879 3929 944 3999 sibi
967 3930 1187 4021 proposuerit.
1210 3929 1386 3999 Dividitur
1408 3928 1443 3995 in
1467 3934 1538 3996 tres

281 4014 416 4096 -Partes
440 4019 525 4087 Pars
550 4018 603 4086 1·a
620 4021 754 4086 constat
777 4039 816 4086 ex
841 4017 913 4086 101.
939 4018 1231 4101 Distinctionibue,
1256 4019 1373 4086 harum
1404 4016 1538 4104 singula

286 4103 486 4177 eanonicus.
510 4107 644 4175 Primae
665 4107 717 4174 20.
742 4106 984 4175 Distinctiones
1008 4111 1116 4195 agunt
1139 4107 1181 4175 de
1202 4106 1228 4175 J
1229 4129 1288 4174 ure
1310 4104 1464 4176 naturali
1501 4113 1537 4172 et

287 4194 402 4263 divino
424 4195 459 4264 in
482 4217 612 4283 genere,
636 4200 709 4263 tum
733 4194 773 4262 de
798 4195 945 4263 lontibus
967 4195 1088 4282 Juris3
1120 4195 1268 4286 reliquae
1302 4193 1343 4262 de
1411 4195 1537 4262 arsonis

285 4281 522 4354 ecclesiasticis
546 4306 659 4352 earum
682 4283 854 4366 electione,
879 4283 1098 4366 ordinatione,
1124 4283 1243 4354 officiis
1288 4287 1351 4351 etc.
1404 4285 1467 4350 ars'
1483 4281 1538 4349 Da

285 4371 436 4440 continet
458 4373 510 4441 36.
535 4394 652 4441 causas
674 4394 748 4444 oum
771 4371 1033 4460 quaestionibus,
1056 4394 1116 4445 seu
1139 4394 1236 4442 casus
1246 4371 1334 4460 juris
1365 4391 1439 4439 cum
1462 4393 1535 4439 eon·

284 4459 380 4546 gruis
402 4459 534 4550 legibus
556 4459 600 4529 ad
622 4460 799 4529 eorundem
822 4460 1067 4531 resolutionem.
1112 4461 1197 4530 Pars
1241 4461 1296 4528 da
1330 4457 1481 4528 continet
1502 4457 1534 4525 ὅ.

284 4548 538 4633 Distinotiones,
562 4549 697 4704 singula
721 4547 887 4618 dividitur
908 4549 944 4618 in
967 4550 1127 4620 Oenones.

380 4637 501 4706 Modus
524 4636 615 4706 citan
639 4638 651 4704 i
674 4659 692 4705 e
714 4638 817 4707 Parte
841 4637 911 4724 l-a;
935 4640 1164 4729 praemittitur
1185 4635 1286 4704 litera
1309 4637 1344 4705 C.
1369 4635 1422 4704 vel
1467 4635 1534 4723 syl·

284 4727 361 4796 labe
385 4730 464 4801 Can.
488 4727 640 4797 indicans
663 4729 839 4798 Canonem.
863 4752 936 4798 curn
961 4750 1106 4812 numero,
1131 4727 1205 4795 dein
1230 4725 1367 4796 eddi-tur
1379 4724 1480 4792 litera
1493 4726 1532 4792 D.
