3426 5368
690 398 894 504 *ee-1-

675 728 824 844 aliut
861 727 926 838 u.

304 916 380 994 ns
423 916 723 996 cassurus
763 906 1275 992 aconasrnsrrcrs

367 1063 370 1066 Ι
401 1113 437 1206 ἕ.
465 1109 561 1192 247.
591 1111 654 1190 De
682 1107 835 1212 poenis
864 1099 1183 1186 ecclesiasticis

262 1253 393 1322 Poenae
415 1254 661 1323 ecclesiasticae
684 1257 764 1320 sunt
787 1251 874 1318 aliae
899 1247 1110 1316 medicinales
1141 1247 1225 1314 alias
1257 1265 1418 1313 censurae

164 1340 368 1422 nominatae,
393 1344 477 1409 aliae
500 1348 612 1410 autem
637 1363 762 1430 poenae
785 1339 1034 1423 vindicativae;
1075 1335 1203 1425 priores
1237 1333 1280 1400 ad
1312 1355 1418 1401 emen·

166 1428 335 1496 dationem
359 1431 434 1517 Rei,
459 1436 661 1520 posteriores
684 1429 726 1496 ad
749 1427 915 1518 publicam
940 1425 1123 1492 vindictam
1145 1420 1293 1491 scandali
1337 1422 1419 1488 irro-

164 1521 300 1602 gantur.
324 1517 454 1586 Poenae
479 1518 692 1586 medicinales
717 1521 798 1583 sunt
821 1512 1119 1582 excommunicatio
1144 1511 1261 1589 minor,
1283 1532 1418 1598 snspen-

165 1606 224 1685 sio,
253 1611 288 1672 et
311 1605 539 1675 interdictum.
564 1606 803 1674 Vindicativae
825 1609 958 1670 autem:
982 1600 1129 1691 privatio
1146 1599 1306 1681 beneficii,
1323 1597 1419 1686 depo-

166 1692 258 1774 sitio,
284 1690 479 1779 degradatio
504 1703 539 1762 et
562 1693 858 1762 excommunicatio
882 1691 997 1779 major.

261 1783 305 1870 A)
329 1783 637 1850 Exccmmunicatio
662 1782 781 1865 minor,
804 1803 863 1847 seu
886 1779 930 1846 ad
953 1783 1081 1846 certum
1103 1773 1420 1863 tempne,ademen·

164 1866 344 1951 dationem,
368 1893 427 1958 per
450 1893 548 1960 quam
573 1870 768 1960 baptizatus
792 1868 949 1957 privatur
971 1865 1197 1932 communione
1242 1863 1418 1942 Ecclesiae,

162 1977 222 2022 seu
246 1957 352 2039 bonis,
376 1980 461 2044 quae
484 1964 566 2026 sunt
589 1958 776 2026 communia
799 1960 889 2024 inter
911 1954 1036 2034 fideles,
1061 1973 1187 2038 quaeve
1223 1951 1370 2040 pendent
1400 1972 1420 2016 a

161 2049 333 2132 potestate
357 2053 391 2112 et
415 2046 636 2134 dispositione
660 2046 844 2125 Ecclesiae,
869 2045 922 2110 uti
946 2049 1026 2108 sunt
1050 2052 1331 2108 sacramentorum
1369 2060 1419 2105 re·

161 2131 273 2219 ceptio
296 2138 331 2201 et
347 2134 613 2216 administratio,
639 2135 813 2202 Ecclesiae
836 2131 1000 2216 suffragia
1022 2136 1058 2196 et
1082 2128 1192 2195 divina
1217 2127 1337 2195 officia.
1364 2126 1420 2220 Ef-

161 2220 273 2288 fectus
296 2222 646 2290 excommunicationis
670 2223 812 2290 minoris
835 2227 918 2288 sunt
941 2219 975 2310 1)
999 2218 1146 2308 privatio
1168 2215 1420 2306 seuprohibztio

160 2309 364 2396 receptionis
387 2318 692 2398 sacramentorum
717 2311 752 2397 2)
794 2310 941 2400 privatio
976 2307 1130 2397 passivae
1167 2303 1340 2372 electionis
1378 2302 1422 2369 ad

162 2396 348 2484 dignitates
371 2405 405 2466 et
428 2399 595 2466 beneficia.
622 2399 737 2482 Quare
758 2397 821 2466 illa
833 2397 962 2482 ligatus
973 2394 1125 2484 graviter
1138 2398 1262 2547 peccat,
1276 2395 1304 2458 si
1318 2392 1421 2458 scien·

161 2491 217 2551 ter
238 2486 381 2575 recipiat
403 2487 666 2568 Sacramentum,
692 2485 748 2554 vel
772 2485 982 2567 beneficium,
996 2483 1074 2570 quie
1087 2483 1141 2549 vio
1156 2485 1419 2570 etpraeceptum

159 2572 335 2642 Ecclesiae
356 2577 390 2641 in
413 2597 450 2642 re
472 2579 579 2662 gravi.
603 2573 683 2642 Non
707 2575 748 2642 fit
772 2583 885 2643 tamen
910 2573 1114 2662 irregularis,
1137 2593 1197 2638 nec
1220 2569 1337 2636 electio
1361 2576 1422 2635 aut

160 2661 312 2750 provisio
336 2667 388 2730 est
410 2663 518 2742 irrita,
542 2663 602 2730 sed
624 2664 736 2730 solum
758 2663 941 2750 irritanda,
966 2667 1049 2750 (cap.
1081 2661 1144 2728 ult.
1168 2659 1208 2726 de
1231 2656 1342 2725 cleric.
1366 2679 1421 2724 ex·

161 2752 405 2836 communicat).
430 2751 463 2837 3)
483 2751 631 2839 privatio
656 2751 967 2819 administrationis
991 2751 1103 2816 licitae
1138 2751 1420 2814 sacramentorum

161 2860 204 2905 ex
227 2839 298 2905 eod.
323 2840 432 2928 capite
449 2840 508 2906 ubi
531 2839 673 2907 dicitur:
700 2860 839 2927 peccare
862 2834 1421 2908 conferendoecclesiasticasacra-

161 2932 285 2994 menta.
309 2927 616 2994 Excommunicatic
640 2935 696 2995 eet
720 2927 790 2995 alia
818 2928 932 3014 ,latae
960 2924 1168 2996 sententiae‘
1218 2945 1303 3012 quae
1348 2923 1420 3013 ipso

161 3015 255 3080 facto
278 3015 448 3103 prohibito
472 3016 544 3082 sine
566 3015 692 3103 judicis
715 3019 885 3084 sententia
908 3017 1101 3096 incurritur,
1126 3013 1268 3103 quaein
1292 3013 1422 3079 canoni·

162 3103 227 3170 bus
251 3103 365 3169 verbis
389 3104 607 3192 exprimitur:
632 3103 706 3192 ipso
730 3103 831 3184 facto,
856 3107 928 3192 ipso
948 3105 1034 3192 jure,
1057 3126 1099 3171 ex
1123 3112 1212 3182 tunc,
1237 3123 1277 3167 ex
1313 3123 1420 3188 nuuo;

163 3191 220 3256 vel
244 3213 305 3278 per
327 3193 430 3257 verba
453 3191 643 3278 praesentis
666 3191 843 3259 indicativi
867 3193 966 3275 modi,
990 3216 1022 3274 v,
1046 3215 1078 3278 g.
1091 3188 1420 3270 excommunicamus,

163 3279 417 3367 suspenduntur
440 3286 524 3364 etc.;
550 3281 602 3348 vel
622 3302 681 3369 per
705 3281 808 3346 verba
831 3281 1024 3369 imperativi
1048 3280 1147 3360 modi,
1171 3282 1211 3344 ut
1247 3277 1422 3364 subjaceat

164 3368 520 3454 excommunicationi;
545 3368 674 3434 incidat
697 3371 730 3435 in
755 3368 1135 3436 excommunicationem.
1168 3364 1344 3449 Eiusmodi
1368 3387 1421 3431 ex·

164 3456 421 3522 communicatio
444 3457 534 3522 latae
558 3460 745 3524 sententiae
765 3465 819 3523 eet
841 3457 899 3523 illa
922 3457 1031 3545 quoad
1054 3454 1270 3542 privilegium
1284 3453 1421 3521 canonis

166 3541 361 3610 clericorum
385 3544 421 3609 in
444 3544 593 3611 Concilio
617 3544 839 3612 Lateraneusi
862 3545 909 3612 ΙΙ.
934 3568 1004 3612 can.
1035 3544 1083 3610 15.
1115 3542 1187 3610 lata
1210 3542 1264 3608 his
1287 3542 1419 3610 verbis:

170 3629 332 3711 ,Placuit
357 3637 396 3697 ut
419 3631 447 3697 si
472 3633 547 3720 quis
571 3633 734 3700 suadente
757 3633 890 3701 diabolo
915 3633 1015 3722 hujus
1039 3630 1207 3718 sacrilegii
1221 3635 1351 3698 reatum
1373 3635 1421 3697 iu-

165 3722 320 3798 currerit,
344 3720 433 3808 quod
457 3720 491 3784 in
516 3721 681 3788 Clericum
705 3725 759 3787 vel
783 3721 978 3788 monachum
1005 3721 1175 3790 violentas
1198 3739 1315 3785 manue
1336 3718 1419 3806 inje-

166 3804 262 3887 cerit,
287 3807 513 3874 anathematis
537 3808 672 3876 vinculo
695 3809 891 3897 subjaceat:
917 3814 951 3877 et
975 3810 1089 3876 nullus
1113 3808 1236 3897 Episco
1261 3829 1355 3874 crum
1377 3807 1417 3874 il·

165 3895 235 3961 lum
257 3904 450 3982 praesumat
494 3897 677 3978 absolvere,
717 3898 780 3963 nisi
804 3898 923 3965 mortis
946 3898 1084 3986 urgenti
1120 3831 1279 3985 periculis,
1317 3895 1421 3963 donec

163 3982 349 4070 apostolico
373 3986 565 4070 conspectui
587 3991 830 4074 praesentetur,
855 3991 891 4054 et
912 3987 984 4075 ejus
1008 3985 1201 4052 mandatum
1224 3983 1416 4071 suscipiat‘

166 4071 475 4140 Excommunicatio
498 4079 610 4140 autem
634 4073 792 4142 ferendae
813 4076 1004 4142 sententiae
1027 4085 1089 4154 est,
1114 4095 1199 4163 quae
1222 4093 1281 4160 per
1295 4071 1419 4160 judicis

166 4182 300 4228 causam
323 4160 553 4247 cognoscentia
577 4165 779 4229 sententiam
802 4162 1010 4230 enuncianda
1033 4168 1095 4242 est,
1119 4167 1155 4228 et
1179 4159 1290 4227 verbis
1335 4161 1419 4227 indi·

165 4253 283 4316 catur:
308 4251 620 4336 excommunicetur,
643 4251 877 4338 suspendatur,
902 4251 943 4318 ab
966 4249 1138 4318 Ecclesiae
1175 4248 1334 4334 ingressu
1368 4271 1419 4315 ar·

166 4345 293 4416 ceatur,
317 4336 525 4405 decernimus
557 4339 914 4420 excommunicandum,
949 4337 1218 4428 suspendendum
1252 4343 1315 4404 eto.
1352 4337 1419 4404 Ex·

165 4425 476 4492 communicationis
496 4425 597 4515 hujus
621 4426 758 4494 minoris
780 4427 925 4496 remedio
971 4426 1165 4515 saepissime
1188 4431 1334 4494 utuntur
1356 4425 1418 4494 Ca·

164 4534 270 4580 nonas
292 4513 464 4582 Ecclesiae
488 4514 684 4582 Orientalis.

262 4601 310 4687 Β)
333 4601 524 4691 Suspensio,
548 4625 608 4692 per
631 4625 728 4688 quam
751 4603 879 4673 Clerico
892 4601 1091 4692 prohibetur
1107 4600 1416 4671 uansecclesiaetici

165 4687 279 4769 officii,
304 4689 357 4757 vel
380 4691 565 4776 utriusque,
590 4691 661 4760 sive
684 4713 749 4780 qua
771 4691 921 4760 Clericus
949 4690 1105 4780 privatur
1129 4690 1288 4759 exercitio
1323 4697 1415 4778 pote·

166 4776 277 4860 statis,
301 4800 386 4867 quae
409 4778 439 4847 ei
463 4779 622 4868 competit
645 4782 775 4848 ratione
809 4778 910 4847 oflicii
942 4778 1119 4862 clericalis,
1158 4779 1211 4847 vel
1252 4777 1413 4862 beneficii,
