3476 5366
883 369 973 471 206..
1001 466 1015 470 „

291 595 451 678 potestas,
475 595 528 655 tot
550 590 586 654 in
608 589 758 656 Ecclesia
781 595 880 656 erunt
903 588 1083 655 schismata
1106 593 1188 677 quot
1197 586 1425 654 Sacerdotes.“
1435 585 1539 651 Haeo-

292 700 364 766 qua,
390 677 596 746 voluntatem
619 676 779 766 Episcopi
803 676 986 762 exequendi
1009 674 1248 765 promptitudo,
1264 672 1537 752 seuobedientia,

291 771 424 832 tantuin
448 770 499 829 est
523 764 678 846 officinm,
702 771 742 831 ut
765 767 863 832 etiam
887 764 1056 846 indubio,
1081 786 1123 831 an
1146 764 1181 830 id
1204 763 1292 851 qnod
1337 759 1542 851 praecipitur

292 852 422 919 licitum
445 851 491 918 sit
514 873 573 919 neo
597 852 665 920 ne‘l
688 875 817 941 semper
839 855 884 919 sit
908 850 1190 942 obsequendum)
1215 851 1281 917 Sed
1304 872 1363 917 neo
1383 848 1542 916 simulata

292 945 458 1007 virtutum
482 939 696 1007 affectatione
719 941 909 1007 obedientia
932 940 1091 1030 denegari
1124 939 1265 1028 potestl)
1299 938 1365 1008 imo
1388 958 1448 1004 neo
1471 935 1543 1002 ulla

290 1027 510 1117 praescriptio
533 1027 568 1096 in
593 1027 799 1095 contrarium
819 1027 964 1096 obtendi.
989 1029 1225 1098 Inobedicntes
1243 1027 1343 1115 juxta
1391 1024 1542 1093 Oanones

293 1116 510 1205 depositionis
536 1138 641 1203 poena
664 1115 899 1203 plectuntur.³)

388 1203 591 1271 Reverentia
614 1213 726 1272 autem
750 1203 888 1271 denotat
912 1204 1120 1272 devotionem
1144 1208 1178 1271 et
1223 1201 1361 1281 cultum,
1396 1221 1543 1266 amorem

293 1297 328 1360 et
351 1291 502 1358 timorem
525 1290 689 1379 Episcopo
713 1290 869 1374 debitum,
895 1291 974 1358 Can.
1000 1291 1070 1359 LV.
1096 1290 1153 1358 SS.
1201 1289 1441 1379 Apostolorum
1488 1287 1541 1354 de·

293 1379 416 1446 cernit:
441 1379 495 1459 ,Si
518 1379 592 1464 quis
616 1378 764 1447 Clericus
788 1381 989 1469 Episcopum
1013 1377 1215 1447 contumelia
1233 1377 1385 1445 affecerit
1400 1378 1544 1464 depona-

293 1472 366 1533 tnr:
388 1467 537 1553 Principi
561 1467 647 1532 enim
670 1468 785 1555 populi
810 1469 860 1535 tui
883 1491 949 1534 non
973 1465 1394 1552 maledices.“S.Ignatius
1410 1463 1545 1551 Martyr

294 1556 433 1643 autem1)
459 1553 600 1635 „Cuncti
623 1557 732 1639 inquit
754 1562 974 1623 revereantur
996 1556 1198 1645 Episcopum
1210 1561 1250 1621 ut
1268 1555 1290 1621 J
1294 1576 1370 1621 esus
1384 1552 1543 1620 Christus

294 1643 462 1714 Patrem.“
485 1641 578 1724 Quae
597 1642 676 1731 jura
698 1643 935 1711 reverentialia
958 1646 1058 1711 etiam
1081 1643 1199 1724 abiis,
1223 1643 1281 1732 qui
1304 1642 1336 1708 ei
1374 1662 1440 1707 non
1465 1640 1541 1706 snb·

293 1738 382 1811 sunt,
429 1734 464 1796 et
488 1731 708 1798 reverentiam
733 1732 943 1799 exhibituros
965 1754 1031 1798 non
1052 1731 1221 1820 jurarunt,
1234 1728 1437 1820 praestanda
1454 1731 1545 1795 sunt.

294 1819 382 1886 Sunt
404 1824 516 1884 autem
540 1818 620 1886 baec
639 1819 717 1907 jura
739 1819 976 1888 reverentialia
1001 1818 1189 1909 praecipua.

295 1993 306 2059 l
391 1907 425 1989 1)
448 1905 497 1972 Ut
519 1905 684 1996 Episcopo
707 1909 857 1996 superior
879 1930 919 1975 ao
941 1907 1138 1975 eminentior
1160 1906 1196 1974 in
1219 1905 1355 1973 ecclesia
1372 1903 1547 1980 tribuatur

309 2015 397 2061 ocus.

391 2081 426 2169 2)
450 2079 504 2149 Ad
527 2083 709 2150 Ecclesiam
732 2084 925 2175 procedenti
956 2085 999 2168 ab
1042 2083 1199 2150 universo
1245 2080 1342 2148 Glero
1387 2080 1547 2148 comitiva

295 2189 469 2259 processus
492 2171 673 2238 tribuatur.

391 2260 426 2344 3)
449 2256 697 2328 Observetnrin
720 2261 824 2327 sacris
847 2260 1074 2327 functionibus
1098 2256 1369 2324 caerimoniarum
1385 2256 1547 2343 praesori-

294 2351 429 2448 ptarum
451 2347 629 2434 majestas3
654 2370 761 2437 neque
783 2353 950 2436 negentur
972 2347 1125 2434 Insignis
1170 2344 1306 2412 honoris
1344 2342 1546 2432 episcopalis

320 2455 354 2500 ro
380 2457 439 2502 ria.

294 2456 317 2522 p
356 2457 426 2608 p4)
449 2521 651 2610 Competens
671 2523 836 2613 Episcopo
869 2522 1047 2592 titulorum
1081 2517 1331 2608 magnificentia
1361 2519 1546 2587 tribuatur.

392 2610 426 2695 5)
450 2611 643 2678 Benedictio
665 2612 875 2702 Episcopalis
897 2612 1058 2679 inclinato
1092 2610 1201 2698 capite
1240 2606 1439 2694 excipiatur,
1463 2614 1550 2674 oete·

296 2718 398 2784 raque
421 2697 541 2764 eximia
564 2700 698 2766 lionoris
722 2708 756 2766 et
778 2701 1003 2768 venerationis
1025 2697 1159 2779 indicia,
1183 2696 1302 2785 quibus
1326 2696 1480 2784 Episcopi
1507 2697 1550 2764 ab

297 2787 434 2872 antiquo
459 2787 674 2870 ornabantur,
699 2788 932 2873 tribuant-nra)

298 2941 322 3025 i)
335 2941 424 3022 Item,
438 2944 613 3026 quodjura
626 2947 857 3010 Ecclesiastico
870 2956 901 3008 et
915 2945 1138 3020 Cathedralia,
1154 2961 1211 3004 nec
1224 2962 1288 3004 non
1301 2941 1549 3022 Protopopalia.

412 3049 477 3116 Per
501 3049 579 3117 baec
599 3052 676 3139 jura
698 3052 939 3140 intelliguntur
960 3053 1009 3120 sic
1032 3052 1122 3118 dicta
1145 3049 1230 3135 legis
1253 3049 1474 3128 dioecesanae,
1491 3069 1552 3114 seii

297 3138 551 3223 praestationes,
576 3148 763 3227 quaesunt
794 3141 1046 3221 ecclesiasticae,
1077 3138 1154 3227 quia
1188 3141 1405 3224 praestantur
1428 3136 1468 3202 ob
1493 3157 1548 3200 cu·

297 3245 369 3290 ram
391 3227 579 3311 generalem
602 3229 746 3294 omnium
792 3229 1004 3297 ecclesiarum
1039 3225 1207 3305 dioecesis,
1242 3229 1276 3290 et
1307 3223 1549 3303 cathedratica,

298 3333 382 3400 quae
405 3314 446 3378 ob
470 3313 626 3382 honorem
650 3317 827 3384 cathedrae
861 3316 1002 3405 dependi
1037 3315 1178 3382 debent:
1210 3318 1350 3400 protopo
1376 3311 1443 3378 alia
1466 3311 1549 3377 item

298 3421 382 3486 qnae
404 3400 716 3491 Protopresbyteris
740 3426 804 3492 qua
827 3405 1066 3494 Episcoporum
1102 3401 1248 3468 Vicariis
1271 3410 1331 3466 aut
1352 3335 1552 3467 bommissa·

298 3488 359 3554 riis
380 3491 581 3575 praestanda
605 3499 693 3558 sunt.
717 3492 819 3560 quta
843 3499 996 3581 antiquos
1020 3513 1161 3560 canones
1185 3488 1448 3555 cathedraticum
1466 3486 1552 3553 alias

299 3576 532 3663 synodaticum
555 3601 575 3644 a
598 3581 748 3668 quolibet
779 3581 944 3647 Beneficio
979 3580 1147 3650 efficiebat
1182 3578 1264 3642 duos
1303 3576 1445 3655 Aureos,
1469 3575 1553 3640 item

299 3671 419 3751 quarta
443 3687 520 3752 pars
543 3677 764 3754 proventuum
789 3670 1010 3756 singularium
1055 3667 1256 3755 Episcopum
1295 3663 1550 3744 concernebaiit,

298 3752 372 3818 ideo
409 3756 592 3840 praestatio
638 3756 949 3840 quartadecumana,
973 3781 1031 3824 sou
1055 3761 1175 3843 quarta
1206 3774 1284 3839 pars
1329 3750 1553 3834 decimarum3

300 3845 686 3927 quartamortuariorum,
733 3845 804 3911 sive
848 3845 1059 3925 funeralium,
1094 3863 1153 3909 seu
1186 3847 1307 3926 quarta
1329 3861 1407 3925 pars
1431 3839 1549 3924 legati,

300 3935 360 3995 aut
383 3931 573 3999 donationis
597 3931 696 4000 alicui
718 3934 876 4000 ecclesiae
900 3935 1017 4000 factae.
1050 3933 1191 3998 Praeter
1221 3928 1281 3994 has
1304 3926 1554 4014 praestationes

301 4024 374 4082 erat
397 4017 505 4085 adbuc
529 4021 560 4086 io
585 4045 649 4088 usn
677 4021 859 4088 subsidium
900 4021 1150 4098 charitativum,
1197 4016 1285 4103 quod
1319 4012 1484 4103 Episopus
1509 4037 1552 4080 ex

300 4107 501 4173 necessitate
524 4119 584 4177 aut
606 4109 801 4176 rationabili
824 4131 922 4176 causa
957 4109 1120 4197 exigebat.
1167 4104 1314 4191 Legibus
1338 4110 1451 4170 antem
1472 4101 1554 4168 Ula·

302 4189 399 4258 dislai
422 4194 526 4282 Regis
549 4199 742 4285 Hungariae
760 4199 786 4284 ⁶)
810 4205 944 4265 cantum
969 4206 1030 4279 est,
1046 4204 1086 4264 ut
1102 4190 1342 4264 charitativum
1365 4189 1553 4298 subsidium

302 4331 507 4341 -—.—-———

376 4369 395 4439 ¹)
415 4372 479 4431 Can.
499 4379 524 4434 4.
545 4375 608 4432 Cau.
629 4376 671 4429 23.
684 4391 727 4443 qu.
749 4373 773 4429 1.

377 4439 396 4544 ζ)
417 4444 480 4518 cap.
501 4447 542 4504 11.
563 4467 606 4517 qu.
627 4448 651 4502 a.
673 4447 700 4530 a.
731 4446 775 4501 13.

387 4515 397 4584 l
417 4516 481 4599 (231³-
500 4523 526 4575 2.
546 4521 570 4575 b.
591 4521 699 4602 dalhlai
718 4523 746 4574 et
764 4519 843 4574 obed.
864 4517 929 4572 Can.
943 4515 991 4600 Ι11..
1013 4515 1076 4598 (lau.
1098 4513 1139 4598 il.
1161 4530 1206 4582 qu.
1226 4512 1250 4565 3.
1533 4581 1539 4592 α

304 4588 475 4731 οᾶήέὲὲγιὲ.
496 4594 662 4719 {laipmppsin
680 4591 712 4648 V.
731 4595 759 4646 at
776 4590 808 4646 N.
828 4590 898 4645 Eccl.
918 4589 1069 4660 Disciplina
1086 4588 1158 4642 Libr.
1178 4586 1203 4647 2,
1232 4581 1299 4656 Cap.
1321 4583 1362 4638 58.
1385 4584 1413 4638 et
1451 4579 1554 4640 Concil

376 4735 396 4804 ὃ)
415 4707 513 4793 llecret
532 4707 562 4792 3]
576 4706 633 4790 Ari.
654 4735 696 4790 69.
717 4740 744 4791 et
768 4737 873 4791 Decret.
895 4731 919 4787 b.
941 4734 998 4788 Art.
1032 4733 1072 4788 12.
