3468 5368
866 323 909 392 24

263 550 346 615 licus
370 535 442 636 ejus
466 563 594 632 quoque
616 551 712 613 uau'm
735 547 952 616 facere-sciat
974 551 1010 616 in
1035 549 1084 628 iis,
1108 547 1143 614 in
1168 547 1287 631 quibus
1323 543 1423 613 codex
1447 541 1508 612 Ec·

263 635 382 704 clasiae
405 635 552 706 Graecae
574 658 639 702 non
671 634 836 732 sufficit.¹)

279 819 324 912 ᾖ.
354 812 422 894 24.
448 778 574 894 lllotio
603 812 727 893 Juris
753 813 798 893 in
839 801 1012 915 genere,
1042 815 1086 894 et
1112 811 1410 894 Ecclesiastici
1436 809 1514 898 in,
1564 857 1567 864 ·

808 961 964 1041 specie.

359 1083 465 1172 Just),
489 1084 522 1149 in
548 1106 668 1169 genere
692 1091 743 1151 est
767 1085 933 1151 dictamen
958 1089 1068 1151 rectae
1096 1086 1238 1151 rationis
1263 1091 1322 1149 aut
1345 1082 1512 1170 positivae

261 1173 358 1258 legis,
382 1173 580 1253 enuncians:
604 1172 684 1256 quid
707 1172 832 1239 homini
856 1173 890 1238 in
915 1173 1062 1239 externis
1086 1173 1156 1239 suia
1181 1173 1223 1238 ad
1246 1170 1330 1239 alios
1375 1168 1511 1236 relatio·

263 1262 361 1327 nibus
383 1261 495 1326 liceat·
518 1259 694 1326 Dividitur
717 1261 752 1326 in
775 1260 939 1340 naturale,
964 1259 993 1326 si
1017 1261 1163 1327 facultas
1202 1259 1323 1346 agendi
1357 1281 1375 1326 e
1409 1256 1513 1324 dicta·

264 1350 351 1415 mine
374 1347 525 1427 rationis,
550 1347 621 1414 aive
644 1370 684 1414 ex
711 1347 823 1414 indole
846 1348 990 1414 hominis
1013 1349 1132 1414 morali
1156 1348 1350 1427 deducatur,
1374 1351 1409 1412 et
1427 1345 1513 1434 posi-

263 1438 382 1517 tivum,
406 1436 434 1502 si
459 1435 748 1521 facultasagendi
772 1437 919 1524 positiva
943 1436 1165 1522 Legislatoris
1191 1436 1323 1522 legibus
1357 1454 1513 1521 expressa
1599 1437 1600 1442 ’

264 1525 440 1591 voluntate
464 1523 713 1590 determinetur.
737 1524 803 1591 Jus
826 1523 1018 1614 positivum
1035 1526 1156 1591 iterum
1182 1531 1234 1592 est
1257 1523 1311 1590 vel
1349 1521 1457 1606 civile,
1482 1521 1511 1587 si

264 1611 440 1699 legislator
463 1612 509 1677 sit
533 1610 653 1692 civilis,
678 1613 729 1678 vel
753 1612 1068 1699 Ecclesiasticum,³)
1091 1613 1119 1679 si
1146 1611 1320 1699 legislator
1337 1609 1515 1684 ¹Ecclesia-

266 1707 370 1767 sticus
395 1700 450 1766 sit.
474 1699 540 1766 dus
562 1698 839 1767 Ecclesiasticum
864 1722 943 1786 ergo
982 1723 1081 1768 sensu
1120 1701 1190 1767 lato
1226 1700 1403 1766 definitur:
1449 1697 1516 1764 Est

266 1811 337 1855 com
362 1787 457 1854 lenus
491 1788 602 1873 legum
627 1793 662 1853 et
684 1789 934 1876 principiorum,
962 1789 1080 1872 quibus
1098 1792 1177 1876 jura
1200 1793 1235 1854 et
1250 1784 1515 1874 otficiajuridioa

266 1811 438 1943 aeclisiae
462 1875 599 1962 ejusque
622 1877 851 1955 membrorum,
875 1883 914 1941 ut
938 1877 1067 1957 talium,
1092 1899 1151 1964 pro
1175 1876 1395 1942 exterioribus
1429 1873 1517 1939 rela-

266 1963 415 2029 tio-nibus
434 1962 708 2029 determinantur.
734 1964 807 2047 Quo
830 1985 930 2030 sensu
943 1961 984 2029 ad
996 1965 1344 2032 dusEcelesiastieum
1359 1966 1516 2050 spectant

266 2052 368 2117 etiam
391 2051 514 2116 multae
539 2051 629 2138 leges
653 2053 824 2119 naturales
848 2056 883 2118 et
906 2053 1072 2139 positivae
1094 2051 1249 2131 Divinae,
1273 2073 1354 2135 quas
1389 2049 1516 2116 infalli-

201 2206 203 2210 .
266 2137 327 2206 bili
350 2161 411 2206 sua
431 2139 633 2212 auctoritate
657 2139 809 2206 Ecclesia
832 2140 991 2221 declarat,
1015 2141 1208 2228 promulgat
1231 2142 1269 2207 et'
1288 2135 1516 2225 urget.Sensu

266 2249 345 2293 vero
368 2227 488 2294 stricto
511 2226 576 2293 Jus
599 2227 871 2294 Ecclesiasticum
895 2232 948 2294 est
970 2229 1159 2316 complexus
1183 2228 1302 2314 legum,
1327 2248 1411 2312 quae
1479 2247 1516 2292 er

227 2315 228 2318 ’
266 2321 468 2404 potestatem
491 2315 762 2384 Ecclesiasticam
786 2338 845 2404 pro
869 2317 1016 2383 externis
1039 2316 1261 2383 relationibus
1283 2315 1327 2380 ad
1343 2315 1441 2380 finem
1454 2249 1518 2380 lte·
1561 2393 1563 2400 y

268 2403 388 2469 clesiac
400 2404 570 2492 proprium
580 2403 752 2488 feruntur,
776 2427 835 2471 seu
846 2402 1516 2491 estscicntiadisciplinaeecclesiasticae.

197 2489 198 2496 '
267 2493 382 2576 Atque
405 2493 487 2558 haec
511 2490 789 2579 durisprudentia
813 2492 1041 2559 ecclesiastica
1066 2499 1118 2559 est
1140 2492 1276 2558 habitus
1299 2491 1390 2579 leges
1414 2489 1515 2557 eccle-

268 2579 421 2647 siasticas
444 2579 701 2666 interpretandi,
726 2580 832 2665 iisque
856 2601 952 2647 casus
976 2581 1192 2648 obvenientes
1214 2579 1418 2668 applicandi.

488 2760 522 2852 ξ.
553 2756 621 2837 25.
648 2757 818 2839 Divisio
845 2757 1329 2840 Ju1·islicclesiastici.=

364 2924 430 2991 Jus
452 2923 727 2991 Ecclesiasticum
751 2925 938 3001 dividitur:
963 2925 997 3013 1)
1017 2926 1162 2992 Ratione
1187 2925 1282 3008 modi,
1320 2945 1383 3009 quc
1428 2922 1521 3007 leges

268 3012 526 3079 Ecclesiasticae
549 3011 774 3094 innotescunt,
798 3014 834 3080 in
858 3013 1031 3102 scriptum,
1056 3013 1085 3080 si
1099 3015 1190 3099 leges
1202 3013 1330 3080 litteris
1342 3008 1539 3077 mandatae.

270 3124 329 3166 seu
352 3101 496 3188 scriptae
520 3100 598 3181 sint,
624 3107 664 3167 et
683 3123 748 3168 non
771 3102 943 3190 scriptum,
969 3103 998 3168 si
1023 3102 1113 3188 leges
1136 3101 1329 3188 traditione⁴
1355 3103 1414 3166 aut
1445 3119 1521 3165 con-

241 3247 244 3252 .
271 3187 448 3254 suetudine
471 3189 635 3254 nitantur.
659 3189 695 3275 2)
719 3189 864 3256 Ratione
887 3190 1058 3278 temporis,
1082 3193 1114 3254 in
1138 3194 1237 3256 vetus
1275 3188 1324 3278 (in
1366 3184 1521 3254 Ecclesia

270 3277 395 3343 Latina
419 3284 497 3341 ante
521 3275 757 3366 tridentinum)
780 3299 839 3366 pro
863 3279 1004 3345 ecclesia
1044 3300 1123 3344 vero
1170 3278 1298 3346 Graeco
1342 3272 1519 3343 Catholicae

271 3365 573 3452 ante-photianum,
597 3370 632 3430 et
654 3387 786 3446 novum,
812 3366 968 3449 (latinum
1002 3364 1325 3454 post-tridentinum,
1360 3383 1517 3452 graecum

271 3451 659 3540 vero-postphotianum).
684 3454 718 3539 3)
741 3453 888 3520 Ratione
911 3454 1145 3542 subjectorum,
1169 3475 1230 3556 pro
1264 3453 1384 3537 quibus
1428 3451 1521 3536 leges

271 3541 436 3620 feruntur,
460 3540 496 3604 in
520 3562 698 3621 commune,
724 3548 888 3626 quatenus
912 3565 1024 3608 omnes
1047 3538 1519 3624 Eccles1aefidelesohligant,

272 3640 306 3718 et
328 3627 540 3715 particulare,
566 3651 624 3694 seu
646 3629 738 3715 leges
761 3652 821 3718 pro
844 3630 1106 3717 particularibus
1117 3630 1266 3696 coetibus
1278 3625 1520 3695 ecclesiasticis

272 3717 382 3800 latae;
407 3715 481 3781 ideo
504 3714 569 3781 Jus
593 3716 766 3798 Graecum,
792 3725 826 3784 et
849 3717 914 3785 Jus
937 3719 1106 3797 Latinum,
1131 3718 1184 3784 vel
1195 3714 1430 3805 patriarchale,
1445 3736 1522 3802 pro·

272 3803 427 3884 vinciale,
451 3803 692 3872 dioecesanum.
715 3805 749 3892 4)
773 3806 919 3873 Ratione
942 3806 1074 3894 objecti,
1098 3806 1132 3871 in
1156 3804 1312 3891 generale
1336 3801 1523 3870 seutunda-

273 3891 603 3986 mentale'quatenua
627 3894 762 3981 exponit
786 3895 992 3979 cognitiones
1015 3893 1040 3960 J
1043 3895 1111 3960 uris
1135 3893 1354 3980 ecclesiastici
1399 3890 1523 3980 prima·
1550 3901 1557 3920 ¹

349 4158 367 4227 ¹)
387 4158 442 4228 Ipsi
461 4159 627 4225 PedalioniS,
647 4174 696 4212 seu
716 4158 823 4214 Codicis
844 4159 986 4216 Canonum
1004 4117 1102 4217 itraeci
1121 4163 1353 4216 commentatores
1383 4158 1524 4215 Schisma-

274 4230 320 4285 tici
338 4231 454 4311 Notat.
474 4230 510 4284 ad
532 4229 671 4285 Canonem
692 4231 723 4314 ll.
751 4231 910 4286 Trullanum
935 4233 1084 4318 inquiunt:¹
1101 4232 1339 4314 Quemadmodum
1362 4231 1523 4315 Roucilium

274 4302 1029 4502 {ttlpttlpflleletlfllallttltt}futtili?
1049 4306 1524 4448 {lattttge,1„¹lqtttti0tit
1551 4345 1573 4380 ,-

300 4465 338 4502 cc1
360 4463 393 4500 en
408 4462 493 4500 amm
522 4463 703 4517 accepemus.

348 4519 368 4587 2)
387 4519 554 4590 Porubszky.
575 4520 638 4589 Peg.
661 4521 686 4575 2.

349 4589 369 4658 ³)
388 4591 466 4645 Alias
485 4589 653 4646 Canonicum
673 4607 690 4645 a
709 4591 820 4648 Conone
840 4610 891 4648 seu
911 4596 1006 4664 regula
1024 4595 1206 4660 nominatum,
1244 4591 1328 4646 etiam
1348 4607 1467 4658 sacrum,
1488 4593 1526 4647 ad

276 4661 481 4717 distinctionem
501 4679 517 4716 a
543 4663 607 4717 Jure
625 4664 750 4733 profano.
