3464 5366
796 301 839 369 73

199 529 340 594 soetomo
362 525 550 593 asserenti:
576 523 680 606 „Post
701 523 923 614 perniciosum
945 524 1042 594 illum
1064 547 1177 594 casum
1191 527 1276 613 (sive
1298 528 1438 617 abnega·

198 613 334 702 tionem)
356 613 499 681 Petrum
521 610 564 680 ad
586 608 768 701 pristinum
790 615 904 684 evexit
925 613 1092 697 honorem,
1108 614 1288 705 primatum
1312 637 1353 686 ue
1367 617 1439 685 uni-

196 721 309 770 versae
331 700 477 770 tradidit
498 698 691 804 Ecclesiam
715 701 774 805 sed
796 725 856 772 nec
870 702 1033 808 propriae
1065 725 1196 860 quoqpe
1228 639 1438 808 cculessioni,

195 811 290 946 paam
314 809 387 858 cum
411 793 486 858 tota
507 787 661 858 Ecclesia
682 795 845 859 emittunt
868 813 904 858 m
927 795 1077 859 oratione
1121 791 1342 861 asolutroms
1386 793 1438 861 de

209 876 302 948 uncti
324 877 379 946 his
401 875 536 947 verbis:
562 875 724 958 „Domine
746 877 831 948 Jesu
853 879 988 950 Christe
1009 879 1130 948 DEUS
1139 884 1263 962 noster,
1272 880 1380 970 quisu
1403 903 1440 950 er

195 965 305 1036 Princi
349 988 380 1033 m
405 963 643 1056 discipulorum
667 971 702 1035 et
725 966 962 1058 Apostolorum
990 973 1125 1036 tuorum
1156 968 1296 1036 Petrum
1327 990 1367 1039 ae
1392 969 1439 1036 'fi-

194 1054 277 1124 casti
332 1051 486 1123 colesium
508 1057 633 1136 tuam“,
656 1053 814 1124 resistere
847 1056 1009 1138 valentes,
1042 1061 1290 1146 prosequuntur
1320 1062 1355 1126 et
1391 1055 1439 1124 di·

194 1143 326 1231 cunt¹);
350 1140 428 1212 Non
450 1147 503 1211 cst
524 1163 658 1211 neccsse
680 1148 720 1213 ut
742 1143 933 1214 accuratius
956 1144 1196 1235 perquiramus,
1220 1143 1329 1234 qualis
1350 1143 1440 1213 inter

195 1235 323 1302 ceteros
346 1229 530 1334 Apostolos
548 1235 623 1298 erat
644 1230 776 1300 Petrus.
801 1232 886 1301 Esto
909 1232 1014 1300 fuerit
1035 1231 1095 1301 ille
1113 1232 1285 1322 ejusmodi,
1308 1231 1440 1322 qualem

192 1320 289 1405 ajunt
310 1317 429 1386 Iatrni
451 1317 567 1400 tuisse,
591 1318 656 1386 imo
680 1320 781 1388 ctiam
804 1319 929 1409 major:
975 1319 1034 1387 uid
1055 1320 1092 1388 id
1127 1319 1171 1387 ad
1193 1320 1329 1410 Papam,
1353 1319 1440 1406 quod

192 1407 261 1476 indi
285 1404 490 1476 commodum
513 1406 928 1478 adRomauumradundet
988 1408 1166 1498 iscopum?
1187 1408 1312 1478 Petrus
1323 1430 1440 1512 nempe

193 1494 283 1564 aolus
307 1501 382 1564 arat
404 1491 562 1564 Vicarius
585 1493 723 1580 Christi,
748 1501 784 1564 et
806 1502 932 1587 quanta
955 1432 1122 1578 Annaeus,
1146 1496 1249 1565 donec
1272 1501 1389 1585 ageret
1403 1519 1440 1564 ιιι

193 1584 305 1666 terris,
327 1583 419 1652 inter
440 1580 621 1674 Apostolos
643 1584 817 1673 praeditus
839 1584 906 1652 fuit
928 1589 1106 1676 potestate,
1129 1589 1261 1653 tantam
1305 1585 1439 1665 Petrus,

192 1677 409 1761 posteaquam
430 1669 490 1739 illc
512 1670 665 1740 sublimis
686 1679 805 1776 raptus
840 1677 938 1756 esset,
971 1672 1063 1742 inter
1105 1673 1238 1741 eosdem
1281 1672 1439 1742 obtinuit.

194 1760 283 1846 Quid
302 1758 382 1828 inde
405 1756 606 1847 colligitur?
628 1765 668 1827 ut
691 1761 819 1830 scilicet
844 1761 947 1829 etiem
969 1761 1071 1915 Papa,
1095 1761 1152 1847 qui
1174 1761 1277 1829 Petro
1312 1782 1440 1830 succes·

193 1849 249 1931 sit,
271 1847 376 1918 simili
397 1846 495 1915 modo
518 1847 654 1915 eandem
677 1847 767 1916 inter
790 1849 874 1918 alios
887 1850 1015 1918 Pressa
1029 1848 1440 1939 esbabeatpotestatem?

195 1937 270 2006 Non
292 1957 384 2018 sene,
406 1936 610 2024 respondent
632 1935 793 2024 disuniti;
817 1937 983 2008 Catholici
1006 1943 1118 2006 autem
1134 1937 1311 2007 orthodoxi
1335 1937 1440 2008 orien-

195 2025 282 2094 tales
304 2023 522 2114 respondeat:
546 2023 626 2107 „Ita
648 2033 760 2093 sane‘.

196 2205 230 2301 ξ.
258 2201 328 2286 60.
355 2201 578 2288 Primatus
604 2202 850 2308 Regiminis
875 2203 1096 2287 Ecclesiae
1123 2228 1150 2285 a
1178 2202 1351 2287 Christo
1364 2203 1440 2285 Pe

196 2331 263 2412 tro
290 2328 488 2427 collatus,
515 2332 755 2433 perpetuus
783 2329 923 2412 estin
951 2329 1157 2428 Ecclesia,
1186 2329 1336 2454 eisque
1361 2331 1441 2412 Ro·

490 2478 645 2537 manus
670 2453 877 2537 Pontifex
903 2454 1033 2537 heres
1061 2457 1137 2538 e'st.

287 2600 394 2668 Beato
416 2597 517 2667 Petro
541 2599 706 2690 Apostolo
730 2599 932 2668 collatuma
965 2599 1101 2668 Christo
1139 2599 1282 2668 Domino
1320 2619 1441 2666 munus

194 2687 339 2776 supremi
362 2687 562 2756 universalis
584 2688 691 2754 totius
714 2687 869 2755 dominici
892 2689 1006 2776 gregis
1030 2689 1192 2771 Pastoris,
1215 2688 1382 2769 Dorionis,
1406 2695 1441 2754 et

195 2776 351 2844 Rectoris
374 2775 410 2842 in
431 2775 583 2844 Ecclesia
605 2798 710 2865 usque
732 2776 775 2842 ad
788 2777 1103 2844 consummationem
1123 2776 1249 2845 saeculi
1259 2775 1441 2867 perdurare

195 2864 301 2946 debet,
326 2869 362 2931 et
384 2862 706 2931 administrationem
730 2863 803 2952 ejus
825 2886 1031 2933 successores
1053 2864 1150 2932 Beati
1162 2865 1258 2932 Petri
1272 2862 1442 2953 Principis

193 2954 225 3020 A
249 2953 434 3021 catulorum
454 2951 636 3022 Pontifices
658 2952 799 3019 Romani
820 2951 1083 3020 inalienabiliter
1105 2958 1234 3035 tenent,
1257 2973 1318 3020 scu
1332 2973 1441 3042 quem·

192 3040 369 3108 amodum
413 3040 606 3108 enunciavit
649 3045 896 3108 sacrosanctum
942 3040 1128 3111 Concilium
1183 3039 1440 3109 Florentinum:

195 3127 402 3209 „Definimus
424 3134 573 3197 sanctam
594 3127 828 3216 Apostolicam
851 3127 979 3210 Sedem,
1003 3129 1235 3197 etItomanum
1243 3127 1440 3197 Pontificem

190 3217 226 3285 in
248 3217 444 3284 univercum
466 3217 577 3285 orbem
599 3221 714 3284 tenere
736 3214 931 3297 Primatum,
957 3224 991 3284 et
1013 3217 1123 3306 ipsum
1153 3216 1352 3285 Pontificem
1374 3216 1440 3284 Ro-

190 3327 325 3372 manum
346 3325 567 3372 successorem
591 3326 664 3372 esse
685 3303 785 3371 Beati
807 3303 901 3371 Petri
925 3305 1092 3394 Principis
1119 3304 1370 3395 Apostolorum,
1405 3311 1440 3371 et

191 3415 308 3461 verum
330 3391 460 3462 Christi
481 3391 664 3473 Vicarium,
688 3391 860 3480 totiusque
881 3391 1053 3460 Ecclesiae
1076 3400 1188 3483 caput,
1223 3397 1259 3461 et
1292 3391 1439 3459 omnium

190 3480 458 3550 Christianorum
481 3480 617 3549 Patrem
641 3487 676 3548 et
698 3479 877 3547 Ductorem
901 3479 1065 3566 existere;
1089 3487 1125 3548 et
1147 3481 1214 3570 ipsi
1258 3481 1294 3546 in
1338 3479 1438 3547 beato

189 3569 294 3637 Petro
316 3568 484 3659 pascendi,
507 3568 655 3656 regendi,
680 3579 715 3636 et
736 3567 946 3655 gubernandi
969 3569 1160 3637 universam
1200 3566 1383 3636 Ecclesiam
1419 3590 1439 3632 a

190 3657 334 3726 Domino
357 3663 472 3725 nostro
495 3657 520 3725 J
521 3679 580 3725 esu
603 3655 737 3726 Christo
761 3656 893 3745 plenam
915 3661 1118 3745 potestatem
1141 3654 1303 3724 traditam
1335 3662 1438 3722 esss.“

189 3745 277 3813 Nam
302 3746 335 3832 1)
359 3744 521 3813 Omnibus
544 3745 578 3811 in
602 3744 753 3812 confesso
777 3749 838 3829 est,
862 3744 1034 3812 Christum
1057 3745 1218 3825 inPetro,
1232 3764 1440 3832 superquam

191 3856 293 3903 unum
315 3833 427 3922 (juxta
449 3832 670 3924 cyprianum)
694 3831 886 3900 aedificavit
907 3831 1093 3901 Ecclesiam
1124 3853 1218 3900 scam
1251 3831 1440 3919 relinquere

190 3921 338 3991 voluisse
360 3921 611 3990 fundamentum
635 3919 766 3986 firmam
789 3925 824 3988 ct
852 3920 1022 3988 immobile
1063 3919 1236 3988 Ecclesiae
1280 3939 1360 3987 suae
1405 3924 1440 3986 et

190 4009 323 4100 quidem
347 4032 414 4076 non
436 4009 543 4077 solum
589 4031 626 4075 rc
649 4014 807 4097 tempore,
832 4030 897 4097 quo
918 4009 1042 4077 Petrus
1066 4011 1204 4090 viveret,
1217 4008 1276 4074 sed
1289 4027 1348 4096 pro
1365 4011 1440 4074 toto

191 4106 339 4187 tempore
363 4095 552 4165 durationis
606 4094 755 4176 eclesiae,
781 4118 886 4182 usque
908 4096 951 4164 ad
974 4097 1290 4165 consummationem
1301 4094 1437 4177 saeculi,

190 4209 292 4266 secus
317 4184 348 4252 si
371 4205 445 4253 cum
468 4185 580 4266 Petro,
603 4183 782 4252 immobilis
825 4192 922 4272 petra
945 4191 980 4254 et
1011 4183 1264 4253 fundamentum
1309 4204 1440 4252 cessare

190 4273 370 4356 debuisset,
395 4279 506 4341 amoto
528 4272 746 4340 fundamento
769 4293 925 4342 corruere
949 4271 1120 4341 debuisset
1136 4269 1439 4362 etiamsaperaedi·

190 4362 336 4444 ficetum,
361 4383 421 4429 seu
444 4366 518 4430 tota
545 4359 707 4429 Ecclesia.

284 4448 319 4538 2)
344 4449 422 4520 Non
444 4449 555 4519 minus
578 4469 690 4517 omnes
713 4445 925 4530 confitentur,
949 4447 1121 4518 Christum
1144 4445 1310 4516 unitatem
1326 4445 1439 4516 Eccle-

191 4613 371 4622 ——-.--

266 4675 285 4746 ‘i
304 4673 411 4728 Hcllies
419 4671 541 4728 ltleuiata
560 4672 643 4742 Lapis
662 4671 828 4728 offendiculi.
849 4687 910 4742 pag.
932 4669 991 4726 131.
1011 4669 1057 4724 Nr.
1077 4671 1102 4722 e.
