3464 5366
902 337 943 403 76

815 432 1020 443 —n-——na—-n-

296 561 565 652 praedicaverit5
590 561 676 651 quod
700 566 868 643 tamquam
892 579 1012 626 aurore
1035 557 1115 624 solis
1137 561 1292 626 universo
1303 557 1376 626 orbi
1389 543 1550 626 doctmna'

295 671 356 726 sua
379 650 600 740 praeluxerit3
624 644 712 739 quod
735 644 865 714 divinas
888 647 980 734 leges
1003 645 1155 714 omnibus
1189 645 1441 735 explaneverit3
1476 643 1543 714 om'·

295 759 436 894 pampus
459 738 669 830 disciplinam
691 733 953 804 ecclesiasticam
975 733 1174 823 perfecerit3
1200 732 1288 823 quod
1311 755 1371 804 ceu
1394 734 1540 824 discipu·

309 849 349 894 us

401 826 466 894 etri
489 832 525 895 et
546 831 702 904 sectator,
727 822 829 892 etiam
853 822 942 890 sedis
965 821 1036 911 ejus
1059 843 1229 892 successor
1251 843 1330 892 vere
1373 823 1543 910 evaserit:

296 911 383 1004 quod
407 913 536 984 demum
559 909 719 992 Ecclesia,
743 916 921 1000 praecepta
944 911 986 978 ab
1031 931 1069 978 eo
1114 909 1326 1000 promulgata
1371 916 1441 978 tam
1465 927 1544 979 uam

295 1001 502 1091 praeclarum
525 1023 621 1070 suum
644 1003 873 1067 ornamentum
896 1001 1035 1088 spectet,
1059 1001 1151 1066 etin
1174 997 1184 1064 i
1211 1019 1247 1066 so
1270 931 1476 1088 gloriaturi

390 1089 582 1158 Memoriam
605 1094 716 1156 autem
735 1087 768 1157 S.
792 1087 962 1175 Sylvestri
984 1085 1159 1156 Pontifiois
1182 1019 1324 1156 §omani
1347 1086 1467 1156 recolit
1478 1085 1543 1156 Eo·

296 1176 396 1248 alesia
419 1178 547 1247 Graeca
571 1176 623 1244 die
646 1176 700 1243 Ea
722 1175 885 1257 ianuarii,
910 1180 1011 1264 atquc
1035 1174 1075 1242 de
1097 1196 1136 1242 eo
1159 1174 1542 1265 sequeutiapraedicat:

295 1267 382 1352 quod
403 1265 561 1334 thronum
585 1263 682 1353 primi
719 1264 962 1352 Apostolorum
991 1264 1211 1342 exornaverit,
1249 1263 1337 1352 quod
1371 1269 1542 1348 tamquam

297 1353 431 1420 divinus
453 1364 487 1440 (a
509 1349 580 1420 Deo
604 1351 825 1442 constitutus)
849 1357 1113 1419 consecratorum
1126 1357 1260 1439 patrum
1273 1351 1544 1440 (Episcoporum)

295 1443 450 1510 Antiates
472 1446 621 1508 sanctam
655 1439 838 1507 doctrinam
873 1439 1068 1520 firmaverit,
1102 1445 1137 1506 et
1166 1439 1408 1520 haereticorum
1440 1439 1544 1528 impia

295 1551 353 1598 ore
376 1529 622 1615 contraxerim)
645 1527 689 1594 Et
711 1530 744 1593 in
782 1527 920 1596 Cantioo
944 1527 1045 1614 (loos)
1080 1529 1169 1594 canit
1206 1526 1359 1597 Ecclesia
1393 1526 1543 1596 Graeca:

295 1616 435 1776 §Spdem
457 1616 623 1770 Ppiucipis
646 1614 884 1704 Apostolorum
908 1615 1056 1696 ditando,
1070 1636 1202 1682 servum
1214 1614 1296 1682 DEI
1310 1621 1346 1685 te
1359 1615 1543 1687 exhibuisti

358 1710 471 1774 vester
498 1712 516 1744 “

319 1730 343 1795 y
391 1791 423 1860 S.
447 1792 570 1860 Leonis
592 1792 733 1859 Romani
757 1791 926 1878 Pontificis
949 1789 1061 1858 autem
1086 1789 1274 1858 memoriam
1295 1791 1465 1861 celebrans
1477 1791 1543 1860 Ec·

296 1880 397 1948 alesia
420 1880 548 1949 Graeca
571 1880 624 1947 die
648 1879 699 1946 18.
723 1879 909 1960 Februarii,
934 1878 1107 1968 sequentia
1129 1877 1280 1967 epitheta
1292 1880 1323 1945 ei
1358 1878 1543 1948 adscribit:

295 1970 405 2058 Caput
430 1969 633 2036 orthodoxae
655 1966 827 2034 Ecclesiae
850 1965 991 2051 Christi3
1016 1965 1141 2033 Oculus
1164 1965 1241 2034 fidei
1265 1972 1299 2033 et
1311 1967 1444 2038 firmum
1467 1967 1541 2035 fun·

295 2058 487 2124 dementum
498 2059 509 2141 ;'
530 2055 647 2124 Senior
670 2055 789 2121 summi
812 2054 953 2140 Collegii
978 2054 1258 2144 (Episcoporuml;
1271 2054 1405 2142 Regula
1421 2056 1544 2124 doctri·

294 2167 357 2212 nae
380 2153 491 2230 certa,
516 2144 604 2210 sedis
627 2142 807 2232 primariae
829 2143 924 2209 Petri
946 2163 1138 2232 possessor:
1163 2141 1314 2210 columna
1336 2143 1544 2214 orthodoxae

294 2232 423 2302 Christi
445 2231 632 2316 Ecclesiam
657 2229 801 2298 omnium
824 2229 997 2298 haeresum
1021 2230 1206 2297 debellator
1225 2254 1232 2315 ;
1256 2229 1347 2298 Petri
1362 2253 1543 2316 successor,

294 2321 366 2408 ejus
388 2321 541 2388 Primatu
564 2321 710 2400 dotatus,
734 2323 769 2386 et
791 2318 943 2386 fervente
966 2319 1037 2385 zelo
1068 2318 1281 2409 praeditosi)

390 2408 505 2477 Sancti
528 2414 640 2475 autem
663 2407 802 2474 Martini
824 2406 1000 2475 Pontifiois
1024 2428 1108 2476 saec.
1129 2405 1209 2475 VH.
1256 2407 1446 2475 memoriam
1491 2406 1542 2474 fa·

294 2497 383 2566 ciens
405 2497 555 2565 Ecclesia
578 2496 716 2576 Graeca,
741 2494 794 2562 dic
817 2495 869 2564 14.
893 2493 1035 2584 Aprilis,
1070 2498 1103 2560 in
1138 2495 1233 2562 cultu
1264 2494 1337 2580 eius
1369 2497 1545 2583 sequentia

294 2585 471 2674 exprimit:
494 2585 583 2670 quod
606 2583 639 2651 S.
662 2583 830 2650 Martinus
854 2583 1001 2650 divinam
1025 2589 1136 2650 sedem
1157 2582 1253 2650 Petri
1277 2582 1500 2664 exornaverit,
1509 2589 1546 2650 et

295 2674 331 2742 in
354 2669 461 2762 ipsius
483 2672 577 2742 Petri
600 2676 696 2761 petra
715 2670 918 2738 immobilem
940 2671 1127 2739 Ecclesiam
1150 2675 1409 2739 conservaverit.

387 2761 538 2846 Denique
560 2760 593 2828 S.
619 2753 774 2845 Gregorii
812 2759 923 2848 Papae
967 2759 1006 2841 Ι.,
1053 2760 1109 2850 qui
1142 2758 1277 2828 saeculo
1319 2757 1381 2828 VI.
1427 2755 1538 2828 sedem

293 2849 390 2917 Petri
414 2849 612 2930 illustravit,
623 2847 773 2914 Ecclesia
797 2846 924 2915 Graeca
947 2849 982 2913 in
1004 2847 1131 2914 Mensis
1154 2847 1197 2912 ad
1221 2847 1328 2914 12am
1352 2845 1470 2914 Martii
1493 2867 1545 2914 se·

294 2944 449 3022 quentem
471 2937 506 3003 in
530 2935 662 3003 modum
685 2935 875 3002 memoriam
897 2935 1035 3003 recolit:
1058 2934 1179 3002 DEUS
1202 2937 1336 3002 vocavit
1359 2941 1404 3016 te,
1429 2939 1469 3002 ut
1493 2934 1541 3001 sis

292 3047 439 3092 summus
462 3023 582 3113 Episco
607 3047 646 3090 us
669 3023 741 3111 ejus
763 3021 944 3104 Ecclesiae,
968 3029 1003 3090 et
1038 3045 1208 3091 successor
1242 3022 1340 3090 Petri
1374 3021 1545 3111 Principis

291 3109 540 3200 Apostolorum.
564 3047 644 3179 Iheo
662 3111 695 3179 S.
718 3111 841 3178 Petrus
864 3110 1093 3200 chrysologus
1116 3115 1148 3177 in
1171 3111 1270 3200 epist.
1316 3111 1359 3179 ad
1404 3109 1542 3178 Eutich.

293 3201 498 3282 „Hortamur
510 3207 555 3282 te,
568 3200 682 3289 inquit,
705 3199 828 3266 Frater
850 3199 1065 3280 honorabilis,
1089 3205 1129 3266 nt
1140 3199 1201 3280 his,
1214 3220 1298 3284 quae
1314 3198 1543 3266 abeatissimo

291 3289 384 3378 Papa
407 3289 578 3357 Romanae
602 3289 751 3356 civitatis
774 3287 900 3377 scripta
923 3295 1004 3356 sunt
1037 3287 1231 3356 obedienter
1266 3287 1433 3368 attendas,
1468 3308 1536 3376 qua

291 3377 411 3444 beatus
433 3378 567 3459 Petrus,
591 3377 704 3465 quiin
729 3377 863 3464 propria
885 3374 962 3444 sede
984 3376 1082 3457 vivit,
1107 3381 1142 3442 et
1176 3375 1354 3464 praesidet,
1389 3380 1544 3466 praestat

293 3465 533 3554 quaerentibus
555 3465 634 3532 fidei
657 3463 869 3532 veritatem.‘⁴

387 3553 530 3621 Sanctus
552 3559 664 3620 autern
687 3551 881 3619 Theodorus
905 3550 1043 3632 studita,
1068 3551 1163 3638 cujus
1187 3551 1376 3618 memoriam
1420 3547 1540 3617 recolit

290 3639 441 3708 Ecclesia
464 3641 591 3710 Graeca
614 3639 668 3706 die
691 3640 742 3706 11.
767 3639 977 3721 Novembris,
1000 3640 1036 3706 in
1056 3637 1151 3728 cujus
1174 3639 1270 3707 cultu
1292 3635 1538 3718 eumcelebrat,

291 3751 355 3816 qua
378 3728 581 3796 orthodoxae
604 3729 758 3796 veritatis
782 3725 997 3808 defensorem,
1021 3726 1206 3794 columnam
1229 3733 1264 3794 et
1287 3747 1396 3794 arcem
1429 3723 1544 3792 ortho-

292 3817 397 3884 doxae
418 3816 504 3898 fidei,
529 3817 585 3902 qui
610 3816 761 3883 doctrina
784 3837 843 3882 sua
868 3837 980 3882 omnes
1002 3814 1216 3896 illuminavit,
1241 3820 1276 3883 et
1298 3815 1400 3903 impia
1423 3812 1547 3882 haere·

290 3906 431 3973 ticenum
455 3904 611 3991 dogmata
634 3903 812 3993 repressit;
837 3903 900 3985 hio,
914 3907 1057 3989 inquom,
1071 3907 1189 3969 tantus
1214 3909 1249 3970 et
1267 3901 1545 3970 sanctusDootor

289 3994 460 4061 Ecclesiae
483 3992 639 4074 Graecae,
663 3992 811 4060 scribens
834 3992 877 4059 ad
900 3991 1043 4059 Leonem
1066 3991 1131 4058 ΙΠ.
1156 3993 1292 4059 ineunte
1315 3989 1453 4058 saeculo
1462 3989 1541 4076 IX,

291 4103 387 4236 llll
407 4079 1376 4258 isstlttitlllataittm,‚titillltltlltltt
1415 4099 1544 4252 liegii

291 4257 446 4326 Christus
467 4257 559 4324 Deus
606 4262 659 4324 ost
682 4255 794 4324 claves
812 4255 908 4341 regni
926 4255 1100 4336 coelorum,
1109 4255 1291 4345 pastoralis
1304 4254 1407 4323 etiam
1417 4251 1542 4343 prinoi-

290 4350 391 4436 patus
414 4345 559 4413 contulit
580 4279 804 4444 dignitatem:
829 4342 871 4409 ad
894 4343 1031 4436 Petrum
1054 4345 1181 4428 utique,
1219 4344 1271 4414 vel
1295 4343 1368 4432 ejus
1414 4363 1545 4412 sucees-

368 4569 385 4640 ¹)
407 4568 507 4623 Menae
525 4567 683 4624 Moscoviaa
703 4568 766 4623 edit.
788 4583 849 4638 pag.
869 4565 930 4620 303.

366 4641 385 4696 ²}
408 4641 507 4695 Menan
525 4640 682 4696 Mosooviae
703 4640 765 4694 edit.
787 4655 837 4709 pro
856 4637 951 4693 Mense
980 4636 1112 4692 ianuario
1132 4652 1193 4705 pag.
1215 4635 1257 4689 17.
1277 4638 1305 4689 et
1324 4637 1447 4704 sequent.

365 4711 385 4783 δ)
409 4713 507 4768 Mensa
526 4729 576 4782 pro
595 4711 689 4766 Mense
709 4710 866 4778 Februario,
887 4708 998 4764 Levicli
1018 4724 1100 4764 serm.
1121 4707 1272 4778 pastoralis
1290 4724 1316 4777 p.
1336 4707 1360 4770 4,
