3476 5366
1001 283 1007 338 t

313 621 387 668 rum
416 607 525 670 autem
545 599 549 608 '
566 600 789 678 Dioecesanns
834 603 1020 691 Episcopus
1064 607 1287 690 percontetur,
1322 624 1402 668 num
1437 602 1562 688 absque

314 711 416 756 uxore
439 712 511 756 esse
532 689 648 776 possit,
673 695 708 756 et
729 690 839 778 palam
862 691 1070 780 profiteatur,
1103 696 1143 758 ut
1166 691 1202 756 in
1224 712 1336 758 casum
1358 689 1566 758 renitentiae

315 799 487 845 censuram
510 779 638 844 subeat.
662 776 695 844 S.
719 778 867 844 Basilius
901 777 981 846 Can.
1007 778 1058 843 19.
1562 803 1564 814 .

409 865 516 933 Juxta
538 871 746 952 praesentem
770 865 978 956 disciplinam
1025 871 1136 934 autem
1169 864 1211 932 ad
1235 865 1474 953 professionem
1496 886 1562 954 mo·

313 953 476 1020 nasticam
498 953 611 1020 nullus
635 961 713 1020 ante
736 977 858 1020 annum
883 954 1009 1022 lli-tum
1033 954 1157 1020 aetatis
1180 953 1384 1020 admittitur.
1409 953 1458 1020 Ut
1482 975 1560 1020 vero

312 1040 475 1128 professio
496 1041 610 1108 valida
633 1044 687 1122 sit,
712 1042 811 1108 dehet
834 1042 906 1109 fieri
929 1043 970 1110 ab
994 1042 1166 1110 individuo
1190 1041 1304 1121 habili,
1320 1041 1562 1130 professionem
1628 1033 1639 1063 ”

313 1132 398 1194 enim
423 1131 577 1196 emittere
600 1136 769 1218 nequeunt
790 1153 855 1196 usu
876 1130 1018 1197 rationis
1064 1129 1242 1214 destituti3
1276 1151 1381 1217 neque
1404 1129 1496 1195 licite
1519 1128 1562 1194 ad

312 1218 547 1302 professionem
570 1219 703 1284 admitti
725 1225 866 1306 possunt
889 1217 964 1285 aare
994 1219 1102 1286 alieno
1133 1217 1279 1304 gravati,
1303 1218 1368 1284 nisi
1392 1217 1562 1284 creditori-

313 1305 376 1371 bus
406 1306 503 1408 prius
548 1305 777 1390 satisfaciant;
823 1329 1004 1395 poenarum
1047 1306 1255 1394 publicarum
1290 1305 1349 1386 rei,
1374 1327 1414 1372 ne
1434 1327 1562 1392 poenas

312 1393 497 1480 effugiant:
521 1393 679 1483 Episcopi
713 1395 899 1462 confirmati
934 1396 1006 1463 sine
1039 1393 1184 1461 licentia
1217 1394 1403 1473 Pontificis,
1436 1391 1573 1458 vinculi

312 1481 409 1562 enim,
433 1480 521 1570 quod
544 1483 633 1549 inter
656 1504 711 1549 eos
734 1489 769 1549 et
791 1482 976 1550 Ecclesiam
999 1505 1110 1550 eorum
1132 1480 1323 1561 intercedit,
1348 1481 1469 1548 solutio
1482 1479 1562 1546 Sedi

312 1570 527 1657 Apostolioae
549 1575 721 1657 reservata
743 1577 815 1655 est;
837 1571 946 1658 juncti
991 1570 1204 1638 Matrimonio
1236 1576 1471 1648 consummato,
1495 1567 1562 1634 nisi

311 1662 371 1724 ant
393 1659 488 1724 ambo
512 1657 693 1725 claustrum
737 1659 1002 1745 ingrederentur,
1026 1667 1086 1726 aut
1108 1680 1176 1726 una
1197 1664 1294 1747 parte
1338 1656 1559 1744 ingrediente,

311 1744 419 1813 altera
442 1746 679 1814 continentiam
713 1753 844 1814 voveat.

375 1947 418 2068 §.¹
442 1946 534 2027 167.
563 1947 630 2027 De
656 1945 866 2051 Episcopo
908 1950 1069 2032 statum
1101 1947 1387 2032 monasticum
1414 1969 1497 2028 am-

816 2076 1046 2178 plectente.

410 2219 638 2299 ,Asceterium
660 2220 833 2306 ingressus
856 2221 1040 2310 Episcopus
1076 2221 1118 2287 ad
1141 2217 1291 2287 tramites
1315 2225 1426 2286 tamen
1447 2239 1556 2285 saero-

308 2325 381 2370 rum
405 2307 573 2375 Canonum
597 2313 632 2374 et
655 2308 794 2375 solemni
816 2312 935 2376 emissa
958 2310 1162 2398 professione
1184 2306 1395 2396 postmodum
1411 2306 1558 2395 amplius

184 2416 186 2425 ’
308 2413 373 2459 non
397 2396 543 2482 gaudeat
567 2395 734 2483 dignitate
780 2397 969 2486 episcopali,
992 2420 1053 2465 nec
1087 2397 1255 2486 prioribus
1300 2396 1463 2483 fungatur
1486 2393 1561 2460 fun·

309 2481 484 2566 ctionibus,
508 2507 613 2573 neque
636 2484 822 2552 Primatum
868 2493 1035 2571 exerceat;
1081 2492 1197 2552 votum
1227 2484 1313 2551 enim
1336 2483 1556 2550 monasticum

308 2580 360 2636 est
394 2572 587 2662 obsequium
632 2573 778 2640 discendi
809 2567 874 2640 noh
910 2582 1022 2641 autem
1067 2573 1215 2652 docendi,
1247 2594 1353 2660 neque
1375 2573 1556 2660 primatum

308 2661 480 2727 exercendi
504 2667 563 2727 aut
596 2663 762 2749 pascendi,
794 2685 909 2729 verum
946 2669 1155 2750 pastoratum
1192 2659 1402 2729 observandi.
1428 2657 1555 2742 Quodsi

307 2768 385 2813 vero
409 2749 582 2836 quisquam
604 2748 847 2838 Episcoporum
869 2750 988 2816 talium
1021 2753 1223 2817 contrarium
1257 2749 1367 2816 facere
1390 2769 1556 2837 praesum·

305 2835 422 2924 pserit,
446 2860 546 2925 quum
567 2835 638 2924 ipse
661 2845 766 2903 semet
788 2838 892 2926 priori
916 2838 1083 2924 dignitate
1121 2838 1325 2928 spoliaverit,
1350 2837 1399 2902 ad'
1414 2837 1556 2924 priorem

305 2923 445 3009 gradum
469 2925 663 3012 neutiquam
673 2929 867 3006 revertitur,
893 2926 945 2992 cui
968 2929 1039 3014 ipso
1056 2926 1142 2992 facto
1161 2927 1426 3006 renunciaverat,
1439 2945 1556 2990 verum

305 3014 555 3100 permanentia
579 3021 670 3080 statu
699 3014 953 3102 poenitentiae!<
1003 3015 1113 3102 (Cone.
1147 3011 1555 3101 Constantinopolitanum

306 3102 342 3166 in
365 3098 397 3167 S.
422 3100 545 3189 Sophia
577 3101 612 3168 C.
638 3101 683 3188 2.)

400 3188 453 3255 Ex
475 3190 647 3256 Monachis
671 3213 748 3258 vero
772 3196 913 3279 possunt
943 3193 1130 3279 promoveri
1152 3191 1195 3257 ad
1218 3191 1466 3279 Episcopatum‚
1490 3188 1555 3252 imo

306 3276 346 3343 de
368 3278 537 3364 praesenti
560 3280 595 3344 in
618 3278 769 3347 Ecclesia
792 3281 920 3348 Graeca
947 3279 1159 3346 allionachis
1193 3280 1280 3344 fiunt
1303 3279 1460 3366 Episcopi
1484 3297 1557 3363 pro·

303 3370 381 3454 pter
401 3367 546 3432 solemne
570 3372 685 3434 votum
708 3369 933 3435 continentiae
956 3375 990 3435 et
1014 3369 1170 3453 majorem
1193 3367 1441 3456 perfectionem,
1466 3384 1552 3452 quae

304 3455 411 3520 statui
434 3455 618 3522 monachali
641 3479 720 3544 prae
743 3458 903 3523 saeculari
927 3457 1138 3524 adscribitur.
1165 3455 1205 3522 Iu
1235 3454 1452 3522 Dioecesibus
1475 3471 1555 3517 vero

303 3543 1058 3633 graeco-catholicorumplerumqueeliguntur
1079 3544 1237 3633 Episcopi
1261 3566 1278 3609 e
1302 3540 1555 3631 Capitularibus

304 3631 455 3713 coelibes,
480 3637 540 3698 aut
564 3632 666 3713 vidui,
690 3634 747 3720 qui
777 3634 966 3720 Religiosos
1001 3634 1172 3720 regulares
1217 3653 1317 3720 penes
1341 3628 1552 3697 cathedrales

303 3718 472 3786 Ecclesiae
494 3725 756 3808 repraesentant,
781 3723 949 3810 imprimis,
974 3723 1061 3810 quod
1084 3745 1148 3811 qua
1172 3721 1350 3788 Senatores
1374 3718 1554 3806 Episcopo·

302 3829 377 3873 rum
399 3808 433 3875 in
457 3808 602 3894 negotiis
624 3809 877 3894 gubernationis
901 3811 1114 3876 dioecesanae
1149 3809 1275 3877 versati
1299 3807 1379 3889 sint,
1404 3813 1439 3874 et
1458 3826 1554 3872 secus

303 3918 432 3984 quoque
454 3895 519 3962 viri
541 3903 610 3961 tam
634 3895 820 3964 eruditione
844 3901 1000 3985 insignes,
1017 3921 1115 3986 quam
1141 3898 1242 3964 etiam
1265 3897 1426 3984 probatae
1448 3895 1552 3972 vitae,

303 3993 339 4050 et
360 3985 396 4050 in
418 3984 603 4051 tractandis
626 3985 725 4051 rebus
748 3985 891 4071 publicis
915 3987 1118 4052 dexteritate
1134 3984 1299 4073 pollentes
1322 3984 1365 4050 ad
1388 3981 1548 4071 Capitula

302 4075 426 4140 assumi
470 4073 619 4156 soleant3
666 4071 742 4140 inde
765 4073 921 4160 Capitula
952 4075 1189 4161 Episcoporum
1222 4073 1406 4140 Seminaria
1436 4093 1554 4139 vocan-

301 4166 369 4228 tur.
391 4161 511 4229 Posset
534 4167 645 4227 tamen
669 4160 853 4250 Episcopus
900 4162 989 4250 eligi,
1013 4166 1042 4229 si
1064 4163 1203 4231 idoneus
1226 4163 1282 4243 sit,
1308 4159 1463 4228 etiamsi
1487 4181 1553 4226 nou

302 4252 348 4316 sit
370 4271 389 4316 e
411 4249 671 4339 Capitularihus.

392 4432 427 4525 §-
459 4429 549 4512 168.
575 4432 639 4511 De
666 4429 888 4510 Electione
914 4431 1155 4532 superioris
1182 4426 1451 4515 llouasterii.

398 4575 714 4657 Archimandritam,
738 4580 798 4641 aut
819 4574 1050 4661 Hegnmennm
1074 4578 1108 4643 iu
1132 4573 1545 4664 unoquoqueMonasterio

303 4662 572 4732 constituendum
595 4687 660 4730 non
684 4663 815 4752 quidem
842 4663 942 4751 juxta
986 4686 1040 4731 res
1066 4671 1174 4732 ectum
1196 4664 1321 4750 gradus
1345 4661 1551 4728 monachalis

302 4759 362 4822 aut
384 4754 581 4835 senioratus,
606 4775 720 4820 verum
743 4775 840 4842 quem
870 4775 981 4820 omnes
1026 4688 1180 4821 llonachi
1203 4775 1365 4820 consensu
1388 4774 1455 4854 suo¹
1473 4773 1551 4840 pru-
