3476 5366
819 373 1022 477 Q

287 591 375 679 juris
397 592 522 660 fontem
545 591 581 658 in
603 590 734 658 defectu
756 591 882 680 proprii
904 592 1017 673 fontis,
1041 590 1211 663 Ecclesiae
1241 611 1357 680 nempe
1379 592 1534 674 Latinae,

290 680 326 746 in
348 702 413 765 qua
435 679 563 768 Synodi
586 677 798 747 dioecesanae
821 678 996 747 admodum
1018 680 1209 769 frequentes
1226 683 1331 758 arant,
1358 686 1393 746 et
1410 681 1538 747 nostris

291 789 422 854 quoque
445 767 648 857 temporibus
679 765 898 834 celebrantur.
931 767 1002 834 Imo
1036 767 1237 846 Benedictus
1259 765 1354 842 XIV.
1379 767 1538 836 Pontifex

292 855 419 924 celebre
441 878 460 922 o
483 879 523 923 us
546 856 617 943 ipse
640 855 838 944 conscripsit
872 854 912 924 de
943 855 1077 945 Synodo
1109 855 1311 936 dioecesana,
1336 856 1379 922 ad
1402 855 1537 923 illorum

290 879 530 1012 retundendam
554 945 734 1024 audaciam,
757 944 815 1032 qui
837 965 902 1010 non
925 945 1026 1012 veriti
1039 941 1295 1012 sunticribere:
1314 943 1538 1018 Dioecesanas

290 1031 444 1119 Synodos
467 1054 538 1099 esse
557 1053 693 1120 prorsus
716 1031 872 1098 inutiles:
898 1031 932 1097 in
956 1054 1020 1116 qua
1044 1045 1156 1100 tamen
1171 1030 1307 1120 Synodo
1322 1031 1537 1120 Presbyteris

290 1127 405 1187 votum
427 1127 559 1187 tantum
584 1118 844 1186 consultativum
859 1119 1027 1208 competit,
1051 1143 1117 1187 non
1141 1141 1220 1188 vero
1244 1118 1435 1200 decisivum,
1449 1120 1537 1208 quod

289 1207 393 1275 solius
415 1207 573 1296 Episcopi
596 1207 781 1276 dioecesani
803 1211 972 1295 proprium
995 1214 1055 1274 est.
1089 1208 1197 1292 Quam
1214 1207 1255 1274 'in
1278 1229 1347 1274 rem
1369 1207 1451 1274 Pius
1474 1207 1536 1275 VI.

288 1297 322 1362 in
345 1296 446 1365 Bulla
468 1297 649 1366 Auctorem
674 1293 761 1362 Ν111111
785 1297 814 1378 ξ.
840 1295 891 1362 10.
925 1296 1055 1364 sanxit:
1084 1295 1275 1377 ,Doctrina
1298 1318 1363 1380 qua
1384 1295 1535 1376 Paroohi,

289 1383 412 1473 aliique
434 1383 629 1452 Sacerdotes
651 1384 687 1450 in
710 1382 844 1472 Synodo
868 1385 1062 1472 congregati
1084 1384 1350 1473 pronunciantur
1372 1406 1439 1451 nna
1462 1407 1536 1451 oum

288 1471 454 1561 Episcopo
480 1471 608 1561 judices
637 1471 726 1552 fidei,
757 1479 790 1538 et
824 1471 924 1539 simul
960 1472 1121 1553 innuitur,
1155 1471 1316 1561 judicium
1352 1471 1387 1538 in
1423 1473 1533 1539 causis

287 1560 366 1629 fidei
387 1560 470 1649 ipsis
493 1565 677 1648 competere
703 1559 779 1646 jure
807 1560 940 1648 proprio
971 1569 1004 1626 11
1036 1560 1168 1648 quidem
1191 1559 1292 1626 etiam
1314 1582 1376 1647 per
1399 1559 1531 1627 ordina-

287 1649 412 1717 tionem
434 1655 568 1736 accepto
591 1648 684 1727 falsa,
707 1648 892 1728 temeraria,
925 1647 1051 1715 ordinis
1075 1647 1270 1716 hierarchici
1304 1648 1532 1716 subversiva.“

285 1734 333 1804 Et
355 1736 469 1804 eadem
490 1735 591 1803 Bulla
624 1737 651 1822 ᾖ.
672 1735 724 1801 9.;
760 1735 947 1816 ,Doctrina
982 1759 1066 1825 quae
1094 1737 1225 1818 statuit,
1262 1735 1534 1804 reformationem

286 1825 447 1892 abusuum
471 1825 557 1892 circa
581 1823 836 1892 eeclesiasticam
871 1823 1078 1912 disciplinam
1099 1825 1136 1891 in
1158 1823 1304 1912 Synodis
1327 1824 1532 1891 dioecesanis

286 1913 328 1979 ab
380 1913 545 2002 Episcopo
590 1920 624 1980 et
675 1912 835 1979 Paroohis
879 1912 1064 2000 aequaliter
1107 1913 1259 2002 pendere,
1304 1933 1342 1980 ac
1387 1913 1535 1980 stabiliri

286 2001 413 2086 debere,
437 2024 475 2069 ac
509 2001 581 2068 sine
614 2000 771 2067 libertate
802 1999 975 2066 decisionis
1009 2000 1192 2070 indebitam
1236 1999 1307 2066 iore
1351 2000 1527 2089 subjectio·

284 2111 358 2154 nem
403 2088 674 2177 suggestionibus
720 2094 754 2154 et
799 2086 1002 2173 jussionibus
1058 2089 1299 2177 Episcopcrum
1351 2126 1391 2139 -
1433 2088 1532 2171 falsa,

283 2178 470 2258 temeraria,
494 2176 702 2264 Episcopalis
724 2175 938 2242 auctoritatis
970 2175 1106 2258 laesiva,
1138 2175 1311 2264 regiminis
1336 2175 1534 2244 hierarchici

284 2265 489 2346 subversiva,
515 2270 628 2332 lavans
649 2264 779 2331 haeresi
803 2264 966 2331 Aerianac
996 2288 1016 2330 1
1054 2265 1193 2333 Calvino
1216 2265 1424 2332 innovatae‘
1451 2265 1533 2332 Pro·

284 2353 381 2436 iecto,
405 2351 610 2440 Presbyteri,
635 2353 755 2437 quibus
776 2352 876 2440 juxta
914 2351 1081 2421 Oanonem
1104 2352 1267 2420 XXXIX.
1292 2352 1533 2440 Apostolorum

283 2442 407 2527 absque
437 2441 613 2508 voluntate
647 2440 805 2528 Episcopi
836 2439 921 2507 nihil
957 2464 1055 2528 agere
1089 2442 1179 2523 licet,
1213 2439 1320 2528 ipsius
1344 2441 1431 2508 enim
1453 2441 1533 2509 fidei

281 2531 424 2618 populus
446 2528 581 2596 Domini
604 2528 797 2596 commissus
820 2535 880 2607 est,
906 2536 941 2595 et
968 2552 1028 2617 pro
1063 2551 1175 2596 eorum
1198 2528 1372 2596 animabus
1395 2529 1436 2596 ab
1459 2531 1533 2617 ipso

190 2635 192 2645 ’
281 2624 453 2707 repetetur
476 2617 563 2683 ratio
592 2616 692 2702 (unde
722 2623 818 2704 patet
850 2616 1053 2705 Episcopum
1089 2617 1349 2706 independenter
1381 2641 1400 2684 a
1434 2617 1532 2686 Clero

282 2704 457 2775 dioecesim
479 2708 618 2792 regere),
644 2727 685 2772 ex
708 2727 755 2786 10,
780 2705 866 2793 quod
890 2706 925 2771 in
957 2705 1091 2792 Synodo
1115 2707 1308 2774 dioecesana
1332 2726 1532 2794 congregen-

201 2787 205 2796 ’
280 2801 348 2876 tur,
371 2817 438 2861 non
454 2795 612 2881 majorem
630 2793 755 2858 habent
765 2798 977 2881 potestatem,
992 2793 1224 2881 quamhabent
1240 2797 1336 2862 extra
1348 2793 1530 2884 Synodum.

280 2881 363 2951 Cum
386 2905 465 2969 ergo
488 2887 582 2948 extra
606 2881 779 2970 Synodum
809 2882 1014 2948 auctoritate
1047 2883 1269 2969 legesferendi
1294 2891 1438 2965 careant,
1463 2884 1531 2952 nisi

280 2971 355 3040 fors.
373 2993 446 3039 eam
468 2992 486 3035 a
509 2969 610 3057 Papa,
634 2970 688 3036 vel
724 2968 888 3057 Episcopo
923 2968 1105 3051 obtineant,
1141 2971 1217 3038 illas
1251 2969 1370 3038 necin
1393 2970 1530 3055 Synodo

278 3059 414 3148 propria
451 3061 653 3124 auctoritato
670 3057 772 3128 ,ferre
803 3062 954 3144 possunt.
1000 3057 1080 3125 Ideo
1111 3059 1314 3127 Benedictus
1345 3057 1440 3127 XIV.
1474 3059 1531 3146 (de

279 3148 403 3237 Synod.
429 3146 527 3213 dioec.
552 3147 590 3212 L.
615 3145 678 3212 IH.
704 3145 739 3214 Ο.
777 3146 827 3212 12.
863 3144 904 3213 N.
938 3147 1076 3214 11111.
1116 3147 1156 3214 L.
1180 3147 1278 3216 XIII.
1303 3144 1338 3212 O.
1364 3147 1392 3213 1.
1417 3147 1458 3216 N.
1483 3147 1529 3234 2.)

277 3237 408 3322 inquit:
448 3234 506 3315 ,In
543 3233 677 3322 Synodo
709 3234 900 3302 dioecesana
930 3234 1021 3302 solus
1064 3235 1250 3325 Episcopus
1283 3239 1335 3303 est
1361 3235 1464 3322 judex
1494 3243 1531 3303 et

278 3324 462 3413 legislator,
486 3324 557 3411 ipse
580 3344 639 3392 suo
663 3323 794 3390 nomine
817 3323 950 3389 decreta
970 3323 1054 3390 iacit
1076 3332 1112 3390 et
1133 3323 1337 3412 promulgat,
1362 3330 1397 3390 et
1415 3345 1529 3412 quam·

277 3416 330 3482 vis
365 3414 548 3480 astantium
585 3410 759 3479 consilium
800 3416 967 3497 exposcat,
1014 3435 1080 3479 non
1116 3419 1229 3481 tamen
1268 3414 1402 3502 cogitur
1441 3412 1529 3480 illud

278 3500 399 3592 sequi‘

339 3665 374 3758 ξ.
407 3659 500 3740 116.
528 3657 591 3740 Dc
619 3655 934 3740 convocatione
961 3655 1125 3758 Synodi
1152 3658 1461 3742 Diocaesanae.

369 3807 524 3895 Synodus
534 3806 734 3882 dioecesana,
753 3804 806 3871 cui
819 3823 884 3869 non
894 3804 1052 3891 competit
1065 3805 1187 3872 titulus
1205 3829 1317 3886 ,sacra
1331 3806 1519 3895 Synodus,“

276 3894 333 3984 qui
356 3901 487 3962 tantum
509 3894 749 3982 Episcopcrum
772 3891 921 3959 Concilio
944 3890 1098 3979 proprius
1115 3898 1175 3970 est,
1197 3900 1231 3960 et
1249 3895 1344 3982 cujus
1369 3895 1528 3962 conclusa

275 4004 341 4048 non
364 3982 523 4064 Oenones,
548 4005 607 4050 nec
631 3982 772 4061 decreta,
796 3979 855 4046 sed
878 3979 985 4045 solum
1008 3985 1138 4047 statuta
1162 3982 1281 4070 sunt1),
1303 4005 1365 4071 por
1387 3980 1526 4050 Benedi-

276 4076 366 4139 ctum
387 4069 482 4138 XIV.
508 4069 563 4160 (de
586 4069 710 4158 Syncd.
735 4067 836 4135 dioec.
862 4067 899 4134 Τ.
925 4067 954 4132 1.
979 4090 1053 4155 pag.
1077 4068 1123 4151 4.)
1147 4069 1327 4138 definitur:
1352 4071 1525 4159 Legitima

275 4158 489 4261 congregatio
513 4159 554 4226 ab
578 4159 743 4248 Episcopo
766 4163 881 4224 coacta
915 4177 954 4222 ex
986 4155 1200 4244 Presbyteris
1225 4164 1261 4225 11
1285 4159 1424 4228 clericis
1447 4181 1527 4226 suae

275 4247 444 4327 dioecesis,
468 4247 618 4337 aliisque,
643 4246 700 4336 qui
723 4245 766 4312 ad
789 4267 860 4312 eam
883 4243 1038 4312 accedere
1060 4251 1228 4327 tenentur,
1252 4248 1287 4313 in
1310 4269 1376 4336 qua
1400 4248 1439 4314 de
1458 4246 1521 4328 his,
1603 4253 1606 4256 ’

275 4357 359 4421 quae
382 4357 479 4402 curae
500 4336 663 4425 pastorali
691 4334 888 4401 incumbunt
921 4331 1086 4418 agendum
1119 4340 1153 4400 et
1184 4333 1436 4404 deliberandum
1460 4343 1521 4402 est.

274 4423 522 4526 Obligationem
554 4424 711 4512 Episcopi
746 4418 949 4490 convocandi
994 4420 1166 4509 Synodum
1203 4422 1430 4492 dioecesanam
1465 4446 1524 4490 ex·

273 4512 391 4603 primlt
412 4511 533 4580 Concil.
569 4513 690 4599 Trid.2)
725 4511 856 4578 verbis:
890 4507 1016 4596 Synodi
1041 4532 1170 4598 quoque
1194 4510 1406 4582 dioecesanae
1429 4522 1525 4600 quot-

239 4705 241 4710 ·
373 4691 392 4757 ¹)
410 4689 479 4746 Vide
498 4691 657 4758 Porubszky
679 4706 745 4816 pag.
769 4689 828 4745 154.

377 4763 397 4834 2)
417 4764 547 4821 Sessicne
565 4761 658 4821 XXIV.
701 4805 706 4818 .
726 4763 751 4817 2.
772 4763 806 4816 de
825 4756 934 4813 reform.
