3420 5358
308 589 419 669 tianis,
443 588 500 673 qui
523 611 643 677 magna
666 594 701 660 in
724 597 816 681 copia
839 593 874 658 in
897 593 1034 658 Oriente
1067 593 1299 671 versabantur,
1348 592 1545 658 occasionem

308 675 535 764 praeriperent
548 679 694 761 docendi,
719 682 815 749 fidem
840 680 987 746 ministri
1010 681 1229 745 necessariam
1252 699 1324 745 esse
1356 679 1399 745 ad
1430 680 1550 767 baptis-

308 767 350 830 mi
388 764 544 845 valorem,
568 767 726 853 prudenti
749 768 936 836 oeconomia
960 767 1206 845 constituerint,
1221 819 1223 826 .
1241 771 1280 833 ut
1305 766 1454 832 ministri
1498 767 1549 832 ba-

307 853 475 941 ptiaantes
487 875 552 918 nou
564 854 707 942 amplius
730 857 902 924 dicerent:
931 855 1022 940 ,Ego
1045 855 1234 942 tabaptino,
1249 853 1549 944 sedbaptinatur,¹)

307 941 508 1028 quaeforma
524 962 566 1006 ex
589 945 805 1031 sequentibus
828 943 956 1012 Christi
979 943 1090 1010 verbis
1136 964 1172 1009 er
1195 942 1325 1030 aliquos
1357 941 1550 1012 deducitur:

308 1028 558 1116 baptizabimini
581 1053 645 1096 non
668 1039 745 1120 post
770 1032 892 1101 multos
916 1031 975 1096 hos
999 1029 1079 1096 dies.
1104 965 1346 1106 Idatiuiautem
1369 1052 1464 1097 suam
1490 1030 1551 1096 ior·

245 1152 248 1175 .
306 1139 412 1184 mem:
446 1115 521 1202 Ego
545 1119 643 1184 teba
670 1120 736 1184 tino
760 1126 823 1188 etc.
845 1142 887 1187 ex
921 1117 1049 1186 Christi
1062 1117 1175 1185 verbis
1193 1141 1200 1182 ε
1221 1117 1371 1197 ,Euntes
1382 1118 1551 1208 baptizate

306 1227 418 1272 omnes
440 1209 575 1291 gentes‘
603 1141 780 1276 deducunt.

575 1386 610 1480 ἓ.
640 1383 707 1465 62.
735 1386 798 1465 De
830 1382 1045 1487 Baptismi
1071 1382 1285 1466 Ministro.

402 1525 641 1593 Photianorum
665 1528 818 1594 nonnulli
841 1529 877 1596 in
901 1550 939 1594 ea
963 1534 1142 1595 versantur
1163 1528 1292 1594 haeresi
1317 1531 1425 1616 inquit
1447 1521 1549 1594 Arcu·

307 1612 391 1695 dius,
411 1620 450 1680 ut
473 1615 611 1681 credant
634 1617 727 1682 nefas
750 1619 881 1685 omnino
904 1639 976 1684 esse
999 1616 1091 1684 laicis
1133 1616 1323 1683 hominibus
1370 1615 1548 1703 baptizare,

306 1700 436 1767 etiamsi
458 1700 494 1766 in
517 1710 664 1769 extrema
687 1704 840 1786 hominis,
864 1714 924 1771 aut
946 1704 1087 1771 infantis
1111 1705 1320 1772 necessitate.
1344 1704 1438 1770 Haec
1482 1725 1549 1770 sen-

304 1788 413 1856 tentia
436 1789 536 1856 etiam
560 1790 594 1855 iu
619 1791 738 1859 Codice
761 1815 922 1860 canonum
944 1815 1064 1879 graeco
1082 1792 1247 1873 Pidalion,
1272 1792 1363 1859 Nota
1386 1791 1429 1858 ad
1451 1789 1549 1860 Cano·

305 1898 378 1942 nem
406 1876 459 1943 47.
484 1878 723 1965 Apostolorum
747 1880 937 1950 detenditur
982 1881 1197 1966 sequentibus
1242 1879 1471 1967 argumentis:
1517 1877 1548 1963 1)

304 1963 413 2031 Juxta
436 1965 603 2033 Cononem
626 1967 714 2034 hunc
735 1969 976 2057 Apostolorum
999 1969 1062 2035 soli
1085 1968 1243 2056 Episcopi
1287 1976 1321 2034 ct
1356 1967 1548 2058 Presbyteri

202 2123 205 2130 ,
304 2053 429 2119 habent
450 2059 653 2142 potestatem
676 2056 878 2144 baptizandi,
903 2057 938 2142 2)
961 2055 1069 2123 Juxta
1093 2055 1258 2123 Cancnem
1280 2055 1308 2121 Ι.
1332 2055 1453 2123 Basilii
1486 2075 1547 2120 ma·

303 2140 362 2226 gni
385 2141 441 2230 qui
465 2141 571 2209 dicit:
599 2165 636 2224 ,a
659 2143 754 2211 laicis
778 2145 967 2234 baptizatos
992 2145 1207 2233 baptizamus,
1231 2144 1387 2232 quoniam
1411 2143 1498 2232 quod
1509 2141 1547 2208 fit

303 2229 338 2293 in
361 2251 440 2296 casu
462 2230 610 2318 periculi,
635 2231 727 2298 etin
751 2255 830 2299 casu
852 2232 1127 2313 extraordinario,
1152 2255 1217 2298 non
1252 2237 1305 2298 est
1348 2232 1468 2318 regula
1511 2230 1544 2296 in

302 2316 482 2384 Ecclesia‘
510 2317 543 2403 3)
568 2316 732 2400 Quoniam
756 2327 789 2387 et
811 2321 994 2410 Dionysius
1028 2319 1277 2388 Alexandrinus
1322 2317 1545 2406 rebaptizavit

302 2402 478 2486 Judaeum,
502 2405 537 2470 in
561 2428 639 2473 casu
662 2411 871 2475 necessitatis
894 2431 953 2498 per
976 2408 1094 2475 laicum
1119 2409 1336 2497 baptizatum.
1359 2407 1396 2496 4)
1421 2406 1545 2491 Quodsi

302 2492 381 2560 laici
400 2501 536 2582 possent
559 2494 738 2582 baptizare,
762 2505 898 2584 possent
922 2496 1024 2563 etiam
1060 2517 1153 2562 sacro
1199 2496 1377 2562 chrismate
1422 2515 1543 2584 ungere

303 2601 362 2647 seu
384 2581 587 2648 confirmare.
611 2584 774 2650 Attamen
798 2585 1025 2673 (prosequitur
1047 2584 1215 2670 Pidalion)
1243 2590 1313 2664 ,est
1335 2583 1447 2670 opinio
1491 2582 1545 2649 ali·

302 2689 451 2757 quorum,
475 2669 563 2758 quod
586 2671 696 2758 proles
719 2673 879 2739 laicorum
902 2675 937 2738 in
960 2671 1107 2760 periculo
1139 2672 1338 2759 baptisatae‚
1385 2671 1416 2736 si
1447 2693 1544 2737 more·

301 2763 428 2838 rentur,
451 2757 542 2823 inter
565 2758 766 2826 orthodoxos
790 2760 1091 2828 commemorandae
1114 2761 1193 2840 sint,
1217 2782 1283 2847 qua
1317 2758 1414 2840 tales,
1462 2780 1543 2845 quae

302 2846 555 2912 constituuntur
576 2845 610 2912 in
633 2869 691 2933 spe
714 2848 887 2914 obtinendi
911 2847 1055 2914 divinam
1080 2847 1346 2915 misericordiam.
1361 2845 1544 2930 Quiautem

302 2940 397 2999 extra
419 2955 530 3000 casum
553 2933 693 3020 periculi
716 2936 880 3023 baptizati
904 2940 1026 3003 sunta
1051 2935 1153 3017 laicis,
1178 2934 1233 3001 vel
1268 2937 1429 3004 ementito
1469 2934 1544 3000 Pre-

301 3020 446 3101 sbvtero,
470 3044 536 3088 non
558 3030 853 3090 commemorentur
873 3024 996 3090 mortui
1018 3024 1108 3089 inter
1129 3023 1255 3104 fideles,
1280 3023 1358 3108 quia
1380 3021 1545 3111 baptizati

302 3130 368 3175 non
391 3116 500 3175 sunt!

396 3197 452 3262 Ad
474 3220 558 3285 quae
580 3197 816 3287 respondemus
840 3198 873 3287 1)
897 3199 1022 3265 citatus
1045 3198 1159 3266 Canon
1181 3197 1421 3287 Apostolorum
1442 3196 1546 3284 loqui·
1589 3235 1592 3244 ·

300 3287 358 3351 tur
381 3284 420 3352 de
444 3285 617 3375 Episcopis
638 3292 673 3353 et
696 3287 910 3375 Presbyteris
932 3309 996 3375 qua
1021 3287 1197 3353 ordinariis
1241 3286 1407 3374 Baptismi
1454 3285 1546 3350 mini·

300 3371 391 3453 stris,
415 3396 453 3439 eo
477 3374 564 3459 qnod
587 3397 658 3442 cum
681 3375 855 3462 Baptismo
880 3376 980 3441 etiam
1004 3376 1117 3441 unctio
1142 3375 1340 3442 Chrismatis
1387 3373 1543 3460 conjungi

300 3462 415 3541 soleat,
439 3483 523 3549 quae
547 3464 588 3529 ab
611 3463 688 3528 aliis
710 3462 783 3528 fieri
807 3461 946 3551 nequit;
971 3465 1078 3550 ipsum
1103 3486 1180 3530 vero
1204 3462 1380 3551 Baptisma
1404 3462 1543 3527 etiarna

299 3548 457 3614 Diaconis
480 3551 637 3616 collatum
661 3573 732 3616 esse
754 3551 876 3639 probat
898 3551 1084 3638 exemplum
1108 3551 1254 3638 Philippi
1277 3549 1418 3616 Diaconi
1460 3551 1547 3616 Act.

299 3637 409 3724 Apost
432 3637 510 3724 Cap.
535 3636 632 3705 VIII.
657 3646 691 3704 et
715 3639 872 3703 continua
895 3640 1008 3726 praxis
1030 3639 1210 3717 Ecclesiae.
1236 3640 1290 3704 Ad
1315 3639 1348 3721 2)
1385 3644 1420 3702 et
1444 3636 1477 3716 3)
1503 3639 1545 3704 ci-

299 3733 393 3790 tatus
416 3725 449 3791 S.
473 3726 600 3806 Basilii,
625 3736 659 3792 et
682 3727 806 3791 factum
829 3726 985 3814 Dionysii
1008 3726 1241 3808 Alexandrini,
1258 3724 1460 3792 relerturad
1475 3748 1542 3802 eos,

299 3813 357 3895 qni
379 3813 420 3878 ab
444 3813 572 3878 haeresi
596 3822 771 3880 transeunt
802 3817 844 3879 ad
868 3814 1061 3894 Ecclesiam,
1109 3814 1149 3880 de
1193 3837 1332 3902 quorum
1378 3813 1543 3900 baptismo

295 3899 395 3985 juxta
417 3900 548 3966 modum
572 3907 607 3966 et
627 3901 723 3967 fidem
747 3901 918 3968 Ecclesiae
941 3902 1063 3967 collato
1087 3902 1222 3968 dubium
1246 3910 1308 3968 est.
1355 3900 1412 3967 Ad
1456 3899 1492 3985 4)
1516 3902 1543 3966 si

298 3987 401 4054 laicus
424 4001 536 4076 posset
560 3990 737 4076 baptizare,
762 4000 875 4076 posset
898 3997 933 4055 et
956 3991 1158 4067 confirmare,
1183 3998 1327 4076 negatur
1343 4010 1544 4074 consequen·

297 4075 356 4156 tia,
380 4099 520 4163 namque
543 4079 690 4144 Actuum
715 4078 952 4165 Apostolorum
987 4077 1105 4165 Capite
1129 4078 1227 4147 VIII.
1251 4102 1282 4146 v.
1309 4076 1361 4142 15.
1407 4083 1442 4142 et
1490 4075 1539 4142 16.

298 4164 482 4252 exemplum
506 4166 682 4233 exhibetur
704 4165 861 4253 baptismi
884 4184 919 4231 et
942 4166 1203 4233 confirmationis
1241 4189 1306 4233 non
1351 4163 1396 4231 ad
1440 4163 1541 4230 semel

298 4251 435 4334 collati3
459 4254 667 4341 postmodum
690 4276 749 4342 per
771 4253 953 4341 Apostolos
991 4262 1128 4320 eatenus
1174 4254 1308 4322 edoctos
1354 4251 1542 4319 confirmati

297 4347 397 4423 sunt,
423 4341 499 4408 hinc
521 4342 795 4430 quemadmodum
817 4341 956 4408 Diaconi
980 4342 1151 4430 baptizare
1174 4349 1323 4429 possunt,
1349 4362 1412 4405 non
1460 4339 1541 4406 item

298 4427 500 4510 confirmare,
525 4435 574 4496 ita
598 4431 638 4497 de
660 4430 755 4497 laicis
779 4430 951 4496 dicendum
974 4437 1035 4496 est.
1060 4430 1142 4497 Cum
1165 4439 1276 4496 autem
1301 4428 1422 4496 Graeci
1467 4449 1540 4514 par·

298 4517 449 4584 vulorum
473 4520 507 4583 in
531 4541 610 4584 casu
633 4519 842 4586 necessitatis
865 4540 923 4606 per
946 4517 1049 4585 laicos
1084 4519 1329 4607 baptizatorum
1373 4515 1541 4603 baptisma

373 4725 391 4812 ἰ)
411 4738 544 4795 siccans
566 4737 612 4794 ua.
634 4737 658 4793 1.
679 4737 706 4793 c.
727 4739 753 4793 a.
775 4743 802 4794 er
821 4736 849 4793 n.
869 4738 894 4792 a.
