3476 5366
892 280 956 347 168

815 377 1019 386 ..——.-.-.-·-

299 505 443 572 Timoth.
469 497 672 592 otp.11.v.
700 501 785 566 1-3
831 503 999 569 scribens:
1047 502 1212 584 „Obsecro
1256 498 1364 586 igitur
1406 501 1548 588 primum

300 593 444 659 omnium
467 591 541 659 fieri
568 589 823 670 obsecrationes,
849 591 1026 672 orationes,
1064 587 1316 678 postulationes,
1361 586 1547 674 gratiarum

299 682 457 761 actiones,
481 700 543 768 pro
567 679 719 746 omnibus
742 678 940 759 hominibus,
965 701 1025 768 pro
1047 678 1207 764 Regibus,
1231 681 1266 744 ct
1289 676 1451 756 omnibus,
1488 675 1548 762 qui

298 770 335 836 in
358 768 565 872 sublimitate
588 772 677 846 sunt,
692 769 740 868 ,ut
763 767 908 853 quietam
932 777 967 870 et
989 765 1206 852 tranquillam
1229 763 1336 831 vitam
1358 783 1496 850 agamus
1509 762 1547 830 in

299 854 880 1012 Stlttttttttitali?
896 877 989 1010 till
1013 856 1265 1031 ibitttfft
1297 857 1547 1028 Ἑρῑὲἕοῖῗωέἐ

299 1033 480 1112 Hebraeos,
504 1031 583 1118 Cap.
607 1029 707 1096 XIII.
731 1053 763 1096 v.
789 1031 862 1101 la:
889 1030 1047 1114 „Obedite
1092 1028 1299 1117 Praepositis
1343 1027 1466 1095 vestris
1511 1031 1547 1094 et

299 1121 468 1210 subjacete
493 1119 571 1184 illis.
595 1117 665 1206 Ipsi
689 1118 776 1184 enim
799 1119 1003 1207 pervigilant
1047 1120 1121 1185 ussi
1143 1117 1304 1184 rationem
1329 1137 1389 1206 pro
1423 1114 1546 1182 anima·

297 1209 360 1275 bus
382 1207 507 1275 vestris
529 1205 705 1286 reddituri,
729 1210 768 1273 ut
790 1229 864 1273 cum
886 1206 1011 1294 gaudio
1026 1141 1096 1274 dioc
1129 1204 1258 1273 faciant
1302 1210 1337 1271 et
1382 1224 1446 1268 non
1490 1224 1547 1289 gs·

297 1302 445 1364 mentes:
470 1295 532 1362 boc
555 1294 641 1360 enim
665 1315 731 1358 non
755 1295 891 1383 expedit
913 1294 1042 1379 vobis.‘f
1068 1293 1165 1360 Unde
1188 1297 1283 1382 patet
1306 1291 1546 1379 subjectionem

297 1390 332 1451 et
355 1383 576 1450 obedientiam
600 1381 812 1470 Principibus
835 1383 1026 1450 absolutum
1050 1381 1195 1449 officium
1220 1403 1292 1448 esse
1325 1379 1474 1468 illudque
1496 1399 1549 1445 re·

297 1473 451 1558 ligiosum
477 1469 623 1537 officium
645 1469 826 1556 cujuslibet
847 1471 1001 1552 bominis,
1025 1471 1083 1558 qui
1105 1468 1299 1536 mandatum
1330 1468 1394 1534 Dei
1417 1489 1547 1534 omnem

297 1565 483 1627 creaturam
507 1558 644 1644 obligat,
667 1557 895 1626 inobedientia
917 1580 1006 1640 vero,
1031 1566 1065 1626 et
1105 1557 1300 1624 resistentia
1334 1555 1547 1643 Principibus

297 1653 332 1715 et
356 1648 506 1714 omnibus
529 1645 755 1733 superioribus
777 1652 949 1736 peccatum
973 1650 1034 1728 est,
1059 1646 1147 1732 quod
1171 1643 1405 1712 conscientiam
1440 1645 1449 1707 i
1475 1663 1547 1708 sam

297 1758 406 1803 coram
429 1735 500 1802 Deo
524 1733 642 1800 afficit.
666 1733 741 1802 Nisi
765 1734 847 1825 quid
868 1735 1095 1823 praecipiatur
1117 1733 1205 1822 quod
1227 1731 1397 1821 Religioni
1432 1665 1548 1801 adver·

296 1847 368 1979 supr
385 1831 490 1904 esset,
510 1828 592 1889 tunc
615 1823 700 1888 enim
745 1825 816 1892 Deo
861 1824 970 1911 magis
1006 1821 1224 1890 obediendum
1248 1826 1300 1888 est
1322 1841 1419 1910 quam
1441 1817 1548 1886 homi·

296 1936 330 1980 ni
355 1933 404 1980 us.

295 2095 330 2188 ἓ.
364 2091 456 2173 178.
480 2046 680 2173 Ecclesia
708 2092 752 2172 et
780 2088 947 2173 Civitas
961 2089 1100 2192 relate
1113 2087 1547 2194 adpropriumfinem

297 2219 363 2300 est
398 2220 591 2320 potestas
627 2216 857 2316 distincta,
893 2240 973 2319 per
1014 2240 1061 2298 se
1104 2215 1367 2315 subsistens
1411 2219 1547 2319 atque

831 2367 1008 2424 summa.

390 2487 486 2555 Sicut
508 2487 732 2556 sanctificatio
755 2483 907 2554 hominis
921 2489 962 2555 ab
987 2494 1126 2558 externa
1155 2488 1336 2556 securitate
1382 2491 1417 2554 et
1437 2483 1547 2555 felici·

293 2580 366 2643 tate
388 2577 542 2643 terrestri
566 2577 743 2665 discrepat,
767 2579 816 2643 ita
838 2574 990 2644 Ecclesia
1013 2583 1047 2644 et
1070 2577 1200 2645 Civitas
1225 2575 1376 2643 diversae
1399 2579 1545 2642 suntso·

293 2663 442 2746 eietates,
466 2664 508 2730 ad
531 2663 708 2732 distinctos
731 2665 813 2732 fines
835 2665 1051 2754 perpropria
1074 2665 1212 2733 cuilibet
1236 2665 1343 2731 media
1365 2684 1545 2752 assequen-

294 2751 363 2833 dos,
387 2774 446 2840 per
469 2753 578 2840 ipsum
600 2752 708 2820 Deum
730 2752 921 2820 institutae.
944 2753 1032 2820 Hinc
1055 2755 1222 2842 quaelibet
1246 2757 1397 2842 potestas
1419 2752 1456 2818 in
1480 2773 1544 2819 sua

296 2840 504 2927 sphaeraest
527 2863 664 2921 summa,
689 2841 762 2908 eive
785 2841 825 2906 ab
850 2841 916 2907 alia
940 2841 1182 2931 independeus3
1206 2840 1295 2907 unde
1307 2839 1541 2908 corollarium:

292 2949 352 2993 nec
375 2927 504 2994 Civitas
527 2927 563 2994 in
585 2929 745 3009 Ecclesia,
769 2950 829 2997 nce
851 2928 1001 2998 Ecclesia
1024 2936 1077 3012 est
1099 2931 1134 2997 in
1180 2929 1338 3011 Ciuitate,
1386 2928 1542 3016 quamvis

293 3014 405 3081 eadem
429 3016 574 3082 membra
598 3022 711 3083 essent
733 3016 904 3083 Ecclesiae
928 3023 962 3083 et
986 3017 1130 3085 Civitati
1155 3015 1453 3102 communiaErgc
1476 3015 1542 3084 Re·

293 3107 401 3170 ctores
423 3103 582 3170 civitatis
605 3126 671 3189 qua
694 3105 838 3171 membra
861 3105 1029 3173 Ecclesiae
1052 3105 1253 3173 considerati
1282 3103 1543 3171 individualiter

291 3192 433 3257 subsunt
455 3193 614 3280 potestati
638 3193 880 3260 ecclesiasticae
911 3193 1016 3261 relate
1040 3194 1081 3261 ad
1112 3185 1408 3261 sanctificationem
1446 3212 1543 3260 suam

292 3284 328 3345 et
350 3279 460 3346 officia
483 3281 655 3367 religionis
678 3281 874 3369 subjectiva.
899 3281 1020 3349 Sedet
1049 3281 1209 3350 Rectores
1255 3280 1426 3349 Ecclesiae
1472 3301 1541 3369 qua

292 3369 436 3434 membra
459 3367 626 3450 Civitatis,
650 3369 755 3436 relate
779 3368 822 3434 ad
845 3370 1065 3456 obligationes
1088 3392 1166 3436 suas
1200 3369 1327 3451 civiles,
1373 3369 1540 3457 potestati

292 3453 384 3522 civili
408 3456 569 3542 subsunt;
599 3459 721 3538 ,omnis
744 3457 863 3538 anima,
887 3457 998 3547 inquit
1020 3460 1052 3527 S.
1077 3459 1203 3526 Paulus
1226 3457 1422 3546 Apostolus,
1446 3461 1540 3546 pote·

232 3582 235 3587 ·
292 3543 438 3610 statibus
462 3544 708 3612 sublimioribus
732 3545 867 3614 subdita
886 3545 963 3613 sit.“

287 3725 328 3817 ἕ.
363 3721 456 3802 179.
485 3721 602 3803 Deus
629 3723 878 3823 Ecclesiam,
908 3728 952 3808 et
980 3727 1212 3810 Civitatem
1239 3726 1304 3808 ita
1330 3681 1538 3824 instituit,

290 3847 340 3926 ut
365 3870 455 3928 una
481 3847 611 3929 aliam
638 3850 686 3930 in
713 3853 982 3954 assequendo
1010 3853 1186 3958 proprio
1214 3854 1301 3936 fine
1342 3851 1536 3958 adjuvet.

385 4015 538 4084 Ecclesia
560 4041 624 4106 qua
647 4018 847 4086 Institutum
872 4022 913 4089 ad
937 4023 1233 4090 sanctificationem
1256 4022 1434 4106 bominum,
1453 4047 1538 4112 quse

291 4101 396 4183 docet,
421 4107 521 4172 etiam
544 4106 766 4192 obligationes
790 4108 905 4175 civiles
953 4118 1066 4200 rapter
1089 4111 1323 4179 conscientiam
1355 4112 1536 4202 adimplen-

291 4190 350 4291 das
373 4213 454 4272 esse,
479 4198 514 4260 et
536 4194 723 4280 neglectum
747 4217 859 4261 earum
883 4134 1016 4265 inlicere
1039 4199 1191 4278 animam,
1226 4200 1458 4287 potentissime
1481 4203 1537 4269 ad·

288 4285 387 4364 Juvat
413 4283 676 4349 consecutionem
699 4283 774 4350 finis
797 4283 977 4372 Civitatis3
1001 4288 1058 4354 sed
1083 4309 1147 4353 non
1171 4309 1266 4354 secus
1290 4295 1325 4354 et
1348 4288 1477 4374 civitas,
1501 4291 1534 4356 in

290 4372 450 4452 quantum
473 4370 596 4436 abusus
619 4371 789 4438 libertatis
812 4372 953 4442 hominis
976 4398 1035 4463 pro
1061 4375 1296 4464 terproprium
1312 4375 1410 4442 finem
1427 4399 1536 4461 suum,

289 4454 361 4520 sive
384 4457 598 4557 securitatem
621 4468 758 4544 coercet,
782 4460 881 4527 simul
904 4463 1006 4530 etiam
1029 4399 1200 4531 Ecclesiae
1233 4463 1332 4530 finem
1374 4463 1534 4553 adjuvat:

289 4547 325 4608 et
348 4563 501 4630 quomam
526 4544 653 4614 Civitas
677 4548 749 4635 ipsa
773 4549 903 4616 conscia
926 4557 978 4618 est
1000 4555 1202 4618 sanctionem
1236 4551 1385 4620 ultimam
1431 4554 1535 4620 consi-

290 4631 431 4698 olentiae
455 4653 534 4698 suae
557 4657 577 4700 a
599 4635 759 4722 religione
783 4637 913 4717 habere,
938 4639 1076 4722 Civitas,
1100 4639 1166 4706 nisi
1188 4643 1321 4728 proprio
1358 4640 1421 4708 fine
1467 4641 1534 4708 frn-
