3426 5368
759 354 822 420 355

686 449 891 461 -ι--ισιι-ι-ιυ-ν-ιι

156 575 304 664 conjuge
327 574 370 642 ad
391 576 610 643 revocandam
633 577 855 666 separationis
878 575 1081 665 petitionem,
1115 573 1249 642 etiamsi
1272 573 1417 642 reconci-

158 665 258 731 liatio
283 685 393 731 coram
416 664 559 752 parocho
582 687 648 731 non
671 665 881 746 successerit,
917 686 1131 752 permovere,
1155 663 1245 749 quod
1282 662 1419 736 interim

157 752 358 839 neutiquam
381 751 594 819 auctoritatis
618 776 697 819 suae
720 753 986 841 interpositione,
1011 753 1121 833 minis,
1153 759 1213 818 aut
1246 752 1420 837 asperiori·

157 841 223 907 bus
255 839 545 922 dehortationibus
582 840 781 909 tentandum
820 848 892 925 est;
917 841 996 928 quin
1019 841 1134 930 potius
1172 839 1420 906 commissarius

159 928 314 996 declaret
359 927 705 994 reconciliationema
736 928 835 1018 plena
881 930 1028 1017 ipsorum
1064 929 1169 996 libers
1204 931 1420 994 consensione

160 1015 358 1105 dependere,
382 1037 479 1103 quam
502 1019 653 1104 paternis
692 1018 849 1098 consiliis,
884 1017 1067 1084 mansuetis
1098 1014 1359 1084 allocutionibus
1382 1037 1421 1081 ac

160 1101 433 1195 persuasionibus
456 1125 634 1192 procurare
658 1104 701 1172 ad
724 1128 820 1172 suum
845 1104 991 1171 officium
1009 1111 1152 1193 spectat.
1176 1103 1305 1187 Quodsi
1328 1125 1422 1169 revo-

161 1193 252 1260 catio
277 1190 428 1272 sotionis,
453 1200 488 1258 et
510 1192 739 1260 reconciliatio
774 1193 1008 1260 dissidentium
1049 1193 1228 1284 conjugum
1254 1189 1421 1276 succedat,

161 1279 400 1349 assumendum
422 1286 475 1346 est
497 1279 726 1348 Protocollum
750 1303 912 1370 sequens:
1194 1285 1199 1291 '

675 1483 906 1547 Protocollum.

263 1635 485 1723 Assumptum
508 1631 598 1721 apud
621 1631 926 1701 Commissariatum
944 1633 1166 1724 episcopalem
1189 1633 1424 1725 inquisitorem

164 1720 395 1792 M.-Varadini
417 1721 469 1789 die
495 1721 545 1788 19.
568 1719 666 1790 Juuii
694 1721 789 1790 1859.

649 1944 951 2013 Praesentes.

211 2101 256 2169 N.
280 2099 323 2168 N.
348 2097 559 2188 Episcopalis
582 2097 846 2166 Commissarius.

211 2189 258 2260 N.
281 2187 325 2258 N.
348 2186 588 2256 Protocollista

591 2296 761 2385 Joscphus
784 2296 924 2377 Kosata,
948 2295 1042 2364 Ciuis
1064 2293 1378 2363 M.-Varadiuensis.

590 2406 700 2474 Maria
722 2406 836 2495 Nagy,
860 2403 1002 2493 Oonjux.

669 2603 933 2691 Objectum.

270 2781 453 2848 Revocatio
500 2779 632 2848 uerelae
655 2786 690 2845 et
713 2779 889 2868 petitionis
914 2780 1137 2868 separationis
1184 2781 1293 2870 quoad
1316 2788 1429 2850 torum

171 2877 207 2938 et
231 2891 377 2936 mensam
399 2893 459 2957 per
518 2870 621 2936 ariam
645 2868 749 2956 Nagy
771 2874 890 2936 contra
913 2869 1070 2936 maritum
1088 2867 1274 2957 Josephum
1297 2871 1430 2937 Koszta

171 2955 373 3048 propositae.
397 2958 488 3026 Nrus
510 2955 731 3046 praesid.273
756 2956 796 3022 de
821 2956 873 3023 1-a
896 2980 964 3024 cur.
987 2960 1118 3039 mensis,
1145 2965 1180 3025 et
1202 2959 1430 3026 reconciliatio

171 3051 348 3134 utriusque
371 3044 523 3132 conjugis
546 3046 607 3111 sub
631 3045 849 3131 sequentibus
865 3044 1133 3118 conditionibus.

270 3132 312 3199 In
333 3133 501 3222 sequelam
525 3131 765 3202 commissionis
788 3154 819 3198 v.
843 3132 1025 3198 tribunalis
1064 3132 1323 3201 matrimonialis
1348 3132 1431 3201 ddto

176 3229 230 3302 ¹³1,
270 3221 370 3309 hujus
393 3225 514 3288 mensis
536 3221 617 3289 Nro.
642 3219 716 3286 285.
741 3219 784 3286 ad
807 3220 978 3308 praeviam
999 3221 1247 3309 inquisitionem
1271 3243 1432 3309 peragen-

174 3310 251 3375 dam
274 3309 309 3375 iu
331 3309 590 3396 praedesignata
613 3330 713 3374 causa
736 3308 958 3396 separationis
993 3308 1172 3395 conjugum
1196 3307 1273 3377 NN.
1298 3316 1332 3374 et
1356 3309 1431 3377 NN.

175 3397 274 3464 iidem
297 3418 407 3464 coram
430 3397 560 3464 evocati
584 3396 663 3462 dum
685 3398 957 3484 comparuissent,
975 3397 1270 3464 anteomniabona
1293 3395 1435 3463 modali-

175 3492 260 3566 tate,
284 3484 400 3551 audita
433 3493 576 3574 utraque
611 3491 715 3573 parte,
752 3491 886 3550 tentata
918 3491 970 3551 est
1005 3506 1118 3551 eorum
1141 3484 1373 3551 reconciliatio
1398 3491 1433 3552 et

175 3573 373 3664 pacificatio,
397 3580 499 3661 atque
521 3573 643 3640 Actrix
677 3572 720 3639 ad
752 3573 1000 3640 revocationem
1034 3571 1158 3639 Libelli
1191 3572 1370 3640 sationalis
1397 3595 1433 3640 se

175 3683 324 3752 pronam,
347 3661 413 3727 imo
437 3684 508 3728 eam
531 3661 685 3728 effective
708 3682 864 3726 revocare
888 3666 921 3726 et
946 3663 1065 3727 marito
1089 3661 1302 3728 reconciliari
1328 3660 1435 3728 decla·

176 3750 269 3816 ravit
291 3750 352 3816 sub
376 3750 592 3837 sequentibus
626 3747 893 3815 conditionibus:
941 3748 975 3834 1)
1010 3750 1201 3816 Accusatus
1226 3749 1367 3816 maritus
1392 3749 1434 3816 ab

177 3837 255 3904 hinc
278 3836 410 3903 domum
432 3838 619 3925 Perpetuae
640 3836 778 3905 Nathan
818 3858 883 3902 nou
906 3835 1016 3917 adeat,
1052 3837 1118 3902 imo
1142 3859 1271 3904 omnem
1295 3860 1369 3906 cum
1395 3859 1435 3904 ea

178 3932 379 3994 conventum
402 3925 544 3992 sollicite
567 3925 664 3993 vitet.
688 3925 723 4011 2)
746 3923 796 3990 Ut
817 3924 924 4012 ipsam
947 3933 987 3990 ut
1011 3947 1103 3990 suam
1118 3926 1294 4013 conjugem
1317 3947 1436 3992 conve·

177 4016 309 4082 nienter
330 4019 456 4080 tractet
479 4020 514 4080 et
535 4035 600 4079 non
624 4013 766 4099 affligat.
802 4013 835 4098 3)
859 4011 908 4078 Ut
943 4014 1014 4080 siue
1048 4035 1108 4078 suo
1132 4014 1222 4084 scitu
1245 4013 1325 4081 nula
1348 4036 1436 4081 nova

179 4101 294 4168 debita
339 4103 525 4169 contrahat.
571 4101 606 4186 4)
641 4100 690 4167 Ut
724 4102 759 4167 in
796 4103 985 4170 oeconomia
1008 4100 1191 4166 domestica
1214 4124 1250 4168 se
1274 4101 1437 4183 sedulum,

179 4195 281 4274 atque
304 4191 406 4256 etiam
429 4190 573 4256 sobrium
597 4189 762 4256 exhibeat.
784 4189 819 4278 5)
843 4187 893 4255 Ut
915 4188 1100 4255 christiana
1114 4189 1223 4256 officia
1239 4189 1435 4277 adimpleat,

179 4277 364 4346 Ecclesiam
387 4278 589 4366 frequentet.
635 4275 728 4359 Quas
751 4276 958 4344 conditiones
994 4282 1171 4343 accusatus
1194 4277 1323 4345 sincere
1345 4299 1438 4346 acce·

180 4367 294 4452 ptavit
316 4373 351 4432 et
373 4365 614 4433 conscientiose
637 4363 819 4452 adimplere
837 4363 923 4432 velle
939 4363 1101 4453 promisit.
1125 4365 1309 4453 Reciproce
1323 4372 1438 4433 autem

181 4456 303 4522 Aetrix
347 4453 498 4542 pollicita
532 4459 585 4521 est
618 4475 654 4518 se
690 4453 958 4540 praeteritorum,
1007 4452 1125 4518 rnerito
1158 4477 1324 4542 uunquam
1351 4454 1441 4543 obje-

182 4542 327 4608 ctionem
350 4543 525 4621 facturam,
550 4553 585 4608 et
609 4539 706 4606 hodie
729 4541 838 4608 adhuc
860 4541 903 4605 ad
926 4541 1084 4606 maritum
1107 4541 1303 4608 redituram.
1343 4542 1441 4610 Post·

183 4651 282 4718 quam
300 4629 504 4698 conditiones
528 4629 590 4696 hae
613 4628 791 4697 restitutae
814 4630 1007 4696 concordiae
1020 4627 1208 4716 conjugalis
1226 4632 1267 4697 ab
1280 4633 1440 4716 utrinque

183 4723 379 4808 acceptatae
401 4725 492 4800 sunt,
514 4716 603 4807 petit
626 4716 748 4784 Acti-ix
772 4717 981 4805 supersederi
1007 4717 1048 4782 ab
1073 4721 1159 4784 omni
1193 4717 1442 4864 ulteriori2per-
