3476 5366
860 381 924 447 194

789 477 994 486 --—-——-—

270 605 392 674 habere
414 604 612 672 caelibatum
636 608 728 670 caste
751 611 943 687 servatum,
969 625 1045 668 nam
1068 608 1103 667 et
1128 625 1218 670 mens
1240 594 1384 668 'solutior
1407 600 1522 669 estad

271 694 463 761 coelestium
486 713 596 758 rerum
618 691 940 778 contemplationem,
965 696 1000 756 et
1023 691 1132 757 animo
1156 713 1194 757 ao
1226 711 1362 778 corpore
1385 689 1519 775 integro

270 790 371 872 atque
393 779 515 848 mundo
539 801 559 846 a
583 778 722 846 libidine
746 785 781 844 et
812 778 940 845 carnali
986 778 1111 844 affectu
1155 778 1272 866 purius
1318 777 1520 866 digniusque

270 893 364 938 sacra
387 874 607 936 tractantur.‘
633 866 720 933 Item
744 889 822 955 pag.
847 866 921 931 824.
945 865 1032 933 idem
1058 865 1271 933 Leibnitius:
1296 864 1385 953 ,Ipsi
1408 876 1521 931 autem

270 957 391 1025 Clerici
415 979 453 1023 ac
476 955 641 1041 Religiosi
664 954 729 1020 sibi
770 954 913 1019 firmiter
940 953 1141 1040 persuadere
1165 953 1296 1034 debent,
1321 954 1364 1018 ad
1388 955 1523 1018 castita·

269 1053 336 1114 tem
359 1043 556 1118 servandam
579 1042 639 1108 vix
661 1041 728 1108 alia
750 1064 787 1107 re
819 1063 901 1128 opus
932 1061 1003 1107 esse
1048 1040 1163 1123 solere,
1210 1063 1308 1129 quam
1354 1041 1523 1107 vitatione

269 1134 340 1214 otii,
365 1138 465 1220 atque
487 1130 650 1196 malarum
674 1129 892 1209 occasionum,
916 1133 951 1194 et
974 1131 1059 1194 seria
1083 1129 1231 1216 cujusvis
1254 1129 1441 1209 voluntate,
1466 1141 1522 1194 ou·

265 1221 322 1310 jus
334 1221 479 1307 gratiam
492 1219 585 1284 Deus
609 1217 729 1283 devote
752 1220 925 1283 invocatus
949 1216 1071 1282 nemini
1095 1223 1226 1302 negat‘

364 1307 515 1394 Denique
538 1305 616 1373 dum
639 1305 822 1372 Concilium
845 1303 1042 1374 Trullanum
1089 1303 1223 1370 Oenone
1253 1302 1354 1383 XIII,
1378 1302 1522 1370 Clericis

268 1418 362 1461 sacra
385 1393 603 1462 celebraturis
627 1399 728 1481 atque
749 1392 978 1479 jejunantibus
1013 1399 1048 1457 et
1079 1393 1251 1458 orantibus
1276 1390 1518 1458 continentiam

267 1484 309 1549 ab
332 1483 490 1550 uxoribus
512 1480 672 1568 injungit,
696 1502 822 1546 sacram
847 1479 1031 1545 coelibatus
1055 1479 1267 1566 disciplinam
1289 1478 1429 1547 Clericis
1452 1501 1523 1544 ma-

266 1572 319 1656 gis
344 1570 593 1638 convenientem
617 1590 688 1634 esse
710 1568 890 1655 profitetur
903 1567 935 1653 1),
959 1589 1044 1655 quae
1066 1567 1140 1634 ideo
1157 1590 1287 1656 quoque
1299 1566 1520 1656 praeferenda

268 1665 329 1739 est,
353 1682 427 1724 cum
450 1656 572 1724 Clerici
607 1656 778 1741 conjugati
816 1655 938 1721 amissa
983 1676 1095 1735 uxore,
1142 1655 1218 1722 aliis
1241 1651 1370 1744 nuptiis
1393 1655 1521 1721 eisdem

266 1745 467 1826 interdictis,
491 1743 608 1830 majori
630 1744 892 1810 incontinentiae
914 1743 1060 1831 periculo
1084 1743 1219 1811 obnoxii
1242 1743 1397 1823 evadant,
1419 1765 1520 1832 quam

267 1837 295 1900 si
318 1834 359 1901 ab
382 1833 482 1902 initio
506 1837 599 1898 casto
622 1832 803 1899 caelibatui
835 1830 1078 1899 adsuevissent.

266 2056 300 2149 ξ.
333 2053 396 2136 18.
425 2054 489 2134 De
516 2053 860 2152 conversatione,
903 2057 947 2135 et
984 2052 1348 2135 distractionibus
1388 2053 1519 2137 Cleri.

361 2222 508 2290 Clerioos
529 2226 661 2309 oportet
684 2228 866 2289 retractam
889 2243 908 2286 a
932 2221 1035 2308 vulgo
1059 2228 1094 2287 et
1116 2221 1227 2288 seculo
1251 2223 1358 2288 vitam
1381 2221 1514 2302 ducere,

264 2309 297 2374 in
322 2310 502 2376 solitudine
526 2310 706 2378 domestica
752 2311 923 2378 scientiam
958 2310 1020 2376 Dei
1046 2310 1222 2391 discentes,
1247 2318 1282 2376 et
1305 2309 1519 2391 meditantes,

264 2399 299 2462 in
323 2398 458 2464 silentio
482 2405 626 2479 orantes,
650 2404 751 2486 atque
774 2397 998 2484 obligationes
1038 2401 1181 2464 muneris
1205 2397 1258 2464 sui
1281 2397 1517 2486 adimplentes,

264 2485 462 2553 Sanctorum
486 2487 591 2552 vitam
614 2487 798 2553 imitantes.
822 2485 903 2552 Ideo
927 2485 1088 2553 Sacerdos
1112 2509 1184 2553 oum
1208 2485 1397 2554 hominibus
1421 2485 1519 2552 laicis

263 2581 396 2640 tantum
420 2575 461 2641 ob
485 2575 718 2642 necessitatem
742 2581 776 2640 et
800 2575 984 2640 utilitatem
1016 2575 1225 2663 spiritualem
1250 2567 1516 2655 conversabitur,

263 2669 334 2727 tam
356 2669 395 2729 ut
418 2661 573 2750 majorem
599 2662 767 2729 hominum
791 2662 1014 2748 cognitionem
1034 2663 1097 2728 sibi
1114 2661 1275 2748 acquirat,
1293 2684 1391 2746 quam
1410 2662 1513 2729 etiam

263 2757 303 2814 ut
326 2750 414 2816 omni
438 2751 518 2816 data
542 2750 711 2816 occasione
735 2773 790 2817 ecs
813 2749 973 2816 aedificet.
1010 2750 1171 2817 Sacerdos
1193 2758 1348 2839 respectu
1371 2750 1518 2816 omnium

262 2837 422 2903 laicorum
446 2843 542 2922 pater
564 2838 752 2926 spiritualis
798 2845 859 2917 est,
892 2837 966 2905 ideo
1001 2861 1075 2905 cum
1111 2837 1206 2905 laicis
1241 2847 1411 2928 tamquam
1433 2836 1518 2904 filiis

263 2924 497 3012 spiritualibus
521 2933 608 2992 sicut
631 2933 728 3013 pater
751 2948 824 2992 oum
849 2925 928 2991 filiis
951 2927 1163 2994 naturalibus
1186 2949 1259 2993 oum
1282 2926 1414 2992 cautela
1438 2947 1514 2993 con-

262 3014 461 3094 versabitur,
484 3035 527 3079 ne
549 3015 715 3101 respectui
740 3020 775 3080 et
797 3015 994 3080 auctoritati
1024 3037 1104 3082 suae
1137 3022 1301 3104 paternae
1325 3013 1514 3100 derogetur.

260 3101 337 3168 Non
363 3102 521 3167 convenit
544 3101 645 3172 etiam
670 3101 841 3169 Sacerdoti
864 3100 900 3167 in
924 3105 1176 3170 conversatione
1203 3125 1277 3169 cum
1301 3102 1384 3168 viris
1407 3101 1444 3168 in
1467 3101 1516 3168 di·

261 3189 394 3274 gnitate
417 3189 607 3256 constitutis
652 3190 812 3271 adulatio,
858 3191 1053 3274 assentatio,
1083 3195 1143 3257 aut
1165 3191 1298 3258 servilis
1322 3190 1511 3257 submissio.

261 3276 423 3344 Sacerdos
447 3300 572 3344 morum
588 3277 698 3345 nitore
721 3301 759 3345 ao
780 3281 950 3366 gravitate
966 3279 1190 3347 reverentiam
1213 3286 1248 3346 et
1272 3279 1513 3346 auctoritatem

247 3367 325 3434 sibi
350 3365 527 3432 conciliare
551 3363 661 3434 debet.

358 3481 454 3543 Nota.
479 3475 530 3543 De
554 3498 618 3542 usu
641 3475 786 3543 Tabaci:
811 3474 973 3563 Theologi
997 3478 1031 3542 in
1054 3475 1166 3543 varias
1182 3477 1370 3544 sententias
1386 3475 1517 3546 abeunt

259 3563 366 3630 relate
389 3563 431 3630 ad
454 3587 550 3630 usum
573 3565 683 3632 tabaci
707 3568 778 3632 sive
800 3565 836 3631 in
858 3565 968 3632 frusta
992 3564 1158 3645 conscissi,
1184 3567 1256 3633 sivo
1279 3565 1315 3631 in
1338 3565 1514 3653 pulverem

260 3650 396 3732 redacti,
428 3674 484 3718 ore
521 3651 577 3718 vel
604 3653 743 3720 naribus
780 3655 814 3719 in
850 3653 940 3720 fumo
972 3675 1030 3740 per
1064 3652 1200 3719 tubulos
1230 3648 1354 3741 (cigarl'
1373 3653 1427 3720 vel
1452 3676 1513 3741 per

260 3741 389 3822 faicam,
414 3745 474 3806 aut
497 3762 626 3827 quocun
650 3764 691 3808 ue
714 3741 780 3808 alio
804 3741 899 3808 modo
924 3740 1089 3825 adbibiti;
1124 3763 1261 3829 quorum
1285 3741 1331 3807 ali
1356 3741 1390 3807 ui
1412 3749 1513 3808 usum

259 3828 382 3895 herbae
403 3827 591 3895 nicotianae
665 3828 775 3896 laricis
819 3828 1036 3910 indecentem,
1074 3829 1134 3895 alii
1157 3851 1227 3896 rem
1263 3764 1515 3897 indiderentem

260 3938 332 3983 esso
355 3920 533 3999 statuunt;
559 3915 844 4005 dependetautem
867 3917 1007 3984 multum
1032 3939 1051 3982 a
1076 3917 1340 4006 circumstantiis,
1351 3919 1511 3998 locorum,

258 4010 293 4072 ot
317 4006 346 4070 si
368 4004 444 4071 laici
467 4005 503 4070 in
526 4025 564 4070 eo
587 4005 865 4086 scandalizentur,
912 4013 993 4073 tunc
1026 4005 1261 4072 abstinendum
1284 4013 1337 4073 est
1360 4006 1455 4092 juxta
1479 4006 1515 4072 S.

258 4093 419 4159 Paulum:
470 4091 597 4172 ,Multa
641 4093 721 4160 mihi
766 4093 879 4174 licent,
903 4093 961 4160 sed
996 4114 1062 4158 non
1096 4093 1206 4160 omnia
1237 4093 1431 4183 expediunt.
1477 4093 1518 4160 Si

258 4185 370 4247 autam
393 4179 510 4247 scirem
534 4180 688 4268 quoniam
712 4180 959 4250 scandalizatur
981 4180 1089 4248 frater
1104 4203 1205 4263 maus,
1219 4205 1284 4248 non
1308 4180 1517 4250 comederem

258 4291 384 4349 carnes,
409 4267 500 4354 (hino
523 4269 625 4335 etiam
648 4293 713 4338 non
736 4270 913 4359 samaram)
945 4271 978 4335 in
1003 4275 1203 4337 aeternum‘
1240 4270 1377 4338 Omnem
1400 4270 1437 4336 in
1460 4291 1515 4338 ca·

258 4380 331 4425 sum
354 4355 526 4424 decentius
549 4364 602 4424 est
624 4357 752 4427 Clerico
776 4380 841 4426 non
864 4357 1012 4442 fumare3
1058 4359 1189 4446 publica
1227 4366 1339 4426 autem
1364 4357 1504 4440 fumare,

280 4452 341 4513 uta
376 4444 411 4512 in
445 4445 526 4513 locis
566 4445 718 4534 publicis,
753 4451 787 4514 in
820 4446 951 4536 plateis,
985 4445 1291 4515 indecentissimum
1324 4447 1388 4514 imo
1411 4468 1508 4515 soan-

315 4555 418 4603 osum.

334 4761 352 4833 ¹)
370 4751 439 4817 llide
458 4756 543 4815 etiam
560 4757 671 4814 Pravila
689 4759 712 4828 θ.
735 4757 778 4816 49.
798 4757 827 4816 P.
846 4761 867 4815 1.
887 4758 970 4830 hujus
991 4757 1083 4832 operis
1104 4756 1131 4816 C.
1155 4753 1219 4816 134.
