3464 5366
888 345 931 414 64

818 443 833 447 .,
848 437 976 451 ,μ-η--ο-ὸ-

276 560 410 648 Lipsiae
434 561 529 628 1800.
542 562 657 648 lingua
681 563 812 650 vulgari
834 585 963 650 graeca,
988 570 1023 632 et
1047 564 1231 634 translatus
1254 565 1288 630 in
1306 565 1521 650 linguamro·

275 670 414 802 rpppprp,
438 671 499 716 seu
521 649 745 737 valachioam;
770 651 875 718 lucem
899 652 1071 740 conspexit
1117 652 1222 719 dassii
1267 651 1304 718 in
1348 649 1523 722 Molduvia

367 758 424 802 ,0,
935 777 936 781 ,

276 917 310 1009 ξ.
340 911 407 998 50.
434 917 497 998 De
524 914 679 998 merito
706 915 880 996 interno
902 914 1021 1021 juris
1049 916 1255 999 Canonioi
1285 906 1527 999 Constant-

684 1040 687 1053 '
770 1042 1026 1145 nopolitani.

364 1184 481 1266 Quoad
505 1185 659 1252 meritum
682 1191 795 1254 autem
817 1187 985 1254 internum
1020 1187 1107 1274 juris
1141 1187 1299 1256 Canonici
1334 1185 1525 1254 Constanti-

275 1272 471 1360 nopolitani,
496 1273 629 1360 egregie
654 1273 814 1343 disseruit
834 1275 876 1341 D.
900 1275 1006 1356 Pitra,
1031 1276 1066 1342 in
1090 1276 1281 1342 recensione
1293 1275 1404 1364 operis
1417 1295 1524 1362 nuper

277 1358 360 1425 editi
383 1382 402 1426 a
424 1359 498 1426 DD.
522 1359 638 1428 Rballi
660 1362 830 1450 Areopagi
854 1363 1014 1450 praeside,
1039 1370 1074 1430 et
1096 1363 1198 1444 Potli,
1222 1363 1369 1430 Athenis
1394 1363 1525 1428 1822-

276 1447 1525 1607 ittittettttttitttttlttdlltttatltlttltl:

277 1558 362 1690 talisl
381 1625 493 1692 texuit
516 1631 553 1692 et
573 1625 827 1715 praecipuorum
844 1563 1116 1713 auctorum,¹⁵qi1i¹
1129 1563 1342 1696 coliectiodes
1355 1627 1527 1695 (lenonum

277 1710 454 1779 ediderunt
476 1718 512 1780 et
534 1714 779 1782 commentariis
802 1714 1029 1798 illustrarunt,
1054 1737 1157 1805 usqne
1181 1716 1223 1782 ad
1246 1738 1350 1782 novos
1373 1715 1526 1783 collecto·
1645 1713 1655 1730 ⁸

277 1819 331 1866 res
354 1805 390 1867 et
412 1799 559 1868 editores
582 1801 804 1881 athenienses,
828 1794 967 1890 quoruin
991 1805 1126 1872 exbibet
1149 1826 1209 1893 per
1232 1803 1401 1871 volumina
1412 1810 1527 1892 partes

276 1887 433 1970 insertas,
456 1894 557 1978 atque
580 1890 819 1960 animadvertit
838 1893 953 1979 jugem
983 1892 1227 1980 Imperatorum
1267 1892 1527 1982 byzantinorum

279 1975 489 2044 tendentium
510 1976 553 2044 ad
576 1977 641 2044 sibi
665 1977 904 2067 subjiciendam
927 1979 1121 2063 Ecclesiam,
1145 2003 1230 2069 quae
1250 1980 1358 2066 magis
1377 2001 1414 2046 se
1436 1987 1527 2068 pate·

277 2063 359 2132 fecit
381 2064 417 2130 in
440 2065 646 2154 Imperatore
668 2063 879 2147 Justiniano,
897 2067 955 2156 qui
978 2068 1055 2154 dum
1079 2092 1120 2135 ex
1141 2091 1208 2136 una
1252 2077 1349 2156 parte
1394 2064 1527 2134 nonnisi

278 2151 448 2220 Canonum
471 2152 771 2221 ecclesiasticorum
794 2155 963 2222 custodem
999 2163 1034 2224 et
1079 2162 1287 2228 executorem
1332 2178 1367 2222 se
1410 2176 1527 2244 gerere

277 2240 508 2330 profitebatur,
533 2264 572 2309 ex
595 2243 703 2310 altera
725 2241 879 2310 Novellis
902 2245 973 2316 suis
992 2245 1220 2312 constituebat
1247 2243 1467 2332 disciplinam,
1493 2248 1528 2308 et

277 2329 347 2395 vim
369 2328 559 2396 (lenonibus
582 2331 762 2397 tribuebat.
809 2329 874 2397 Hic
918 2329 1106 2420 Imperator
1150 2340 1268 2418 auctor
1312 2331 1379 2398 fuit
1401 2329 1527 2398 Joanni

278 2415 494 2498 Scholastico,
518 2417 614 2484 utin
637 2441 741 2486 unum
765 2418 939 2506 colligeret
962 2419 1053 2508 leges
1083 2421 1273 2508 imperiales
1304 2427 1339 2487 et
1385 2440 1527 2487 canones
1566 2419 1592 2496 J

277 2527 337 2594 pro
361 2504 490 2594 objecto
515 2504 724 2596 disciplinam
748 2506 1004 2574 ecclesiasticam
1028 2509 1198 2576 habentes.
1231 2507 1413 2576 Conflictus
1436 2507 1527 2573 iden·

278 2592 383 2659 tidem
405 2595 494 2660 iuter
516 2593 740 2683 Imperatores
763 2599 799 2661 et
822 2593 1037 2663 Patriarohas
1060 2595 1450 2685 constantinopolitanos
1473 2617 1526 2660 ex·

278 2681 404 2751 citatus
428 2686 488 2762 est,
510 2690 545 2748 et
567 2689 731 2772 quotquot
755 2682 939 2770 imperialis
963 2684 1141 2772 dignitatis
1187 2691 1412 2752 assentatores
1458 2704 1524 2749 non

279 2770 493 2849 exstiterunt,
517 2792 556 2836 ao
578 2771 749 2838 libertatis
772 2770 1017 2838 ecclesiasticae
1038 2773 1218 2840 noluerunt
1240 2773 1526 2863 sepraeberepro·

279 2857 699 2948 ditores,·perseoutionem
723 2859 815 2948 passi
838 2866 929 2941 sunt,
967 2861 1020 2927 vel
1046 2867 1161 2943 morte,
1208 2861 1262 2928 vel
1307 2883 1446 2942 carcere,
1470 2859 1525 2927 vel

279 2945 380 3013 exilio
401 2945 565 3013 mulctati.
1569 3001 1581 3018 s

365 3031 434 3100 Res
451 3033 506 3100 'ita
529 3038 698 3100 steterunt
721 3033 823 3101 donec
846 3035 1000 3102 intrusus·
1020 3036 1162 3104 Photius
1186 3059 1272 3102 anno
1295 3035 1369 3102 883.
1408 3040 1447 3102 ut
1470 3034 1526 3101 fir·

279 3128 386 3188 maret
409 3145 504 3190 suum
527 3121 686 3206 Schisma,
711 3129 745 3188 et
768 3121 952 3190 Ecclesiam
974 3125 1035 3192 sub
1068 3125 1311 3214 Imperatorum
1340 3123 1469 3190 ditione
1493 3128 1527 3190 et

279 3211 443 3278 servitute
466 3212 698 3296 constitueret,
722 3233 842 3276 novum
867 3210 950 3298 juris
973 3213 1132 3280 Canonici
1155 3218 1334 3301 syntagma
1359 3213 1522 3298 vulgavit,

280 3297 435 3386 aliudque
459 3320 541 3386 opus
564 3301 625 3365 sub
649 3298 785 3386 profano
810 3299 911 3366 titulo
934 3299 1177 3368 Nomooanonis
1200 3301 1316 3381 edidit,
1340 3323 1403 3385 quo
1427 3299 1527 3386 signi·

279 3387 393 3452 ficeret
416 3387 562 3454 eamdem
585 3386 716 3472 legibus
739 3387 968 3475 imperialibus
992 3395 1026 3454 et
1064 3389 1244 3456 canonibus
1290 3387 1526 3454 ecclesiasticis

247 3541 249 3547 ,
279 3474 346 3540 vim
369 3475 487 3541 inesse.
514 3478 564 3541 Ao
587 3476 697 3562 reipsa
720 3475 800 3541 huic
823 3497 882 3542 suo
905 3475 1132 3546 Nomooanoni
1154 3475 1317 3544 Novellas
1339 3476 1522 3564 Imperato-

279 3562 327 3628 ris
349 3562 538 3630 Justiniani
561 3563 791 3650 disciplinares
815 3563 956 3630 inseruit
980 3565 1116 3652 perinde
1150 3587 1189 3630 ao
1211 3564 1240 3630 si
1276 3565 1412 3631 eandem
1458 3563 1526 3630 vim

279 3649 451 3716 haberent.
473 3650 683 3718 Pedetentim
706 3650 830 3739 primas
854 3651 984 3738 legibus
1015 3652 1244 3741 imperialibus
1267 3655 1378 3739 graeci
1423 3651 1526 3720 Oano-
1570 3661 1573 3670 '

280 3739 388 3806 nistae
412 3737 584 3820 dederunt,
609 3739 667 3819 ita,
692 3761 730 3804 ac
766 3739 795 3804 si
831 3745 901 3806 tota
941 3763 1101 3807 canonum
1148 3739 1448 3820 ecclesiasticorum
1472 3739 1525 3806 vis

280 3827 376 3894 unice
398 3827 439 3893 ab
462 3827 628 3914 imperiali
650 3827 852 3894 auctoritate
875 3827 1044 3916 penderet.
1069 3828 1241 3916 Siquidem
1256 3827 1317 3896 lex
1341 3830 1422 3896 haec
1466 3828 1527 3894 im·

280 3914 452 3984 mutabilis
474 3921 536 3996 est,
560 3920 600 3981 ut
621 3916 752 4003 quoties
775 3913 927 3982 Ecclesia
948 3916 1061 4006 aliqua
1084 3939 1119 3982 se
1142 3939 1161 3981 a
1196 3916 1348 4002 legitima
1379 3918 1526 3982 substra-

280 4002 332 4070 hit
355 4003 565 4084 auctoritate,
590 4003 692 4070 toties
715 4003 776 4070 sub
799 4003 1011 4089 tyrannicam
1036 4003 1194 4071 laicorum
1238 4003 1432 4093 Principum
1471 4004 1526 4070 do-

280 4091 494 4159 minationem
516 4090 655 4171 incidat‚
679 4091 774 4178 cujus
797 4091 846 4157 rei
870 4098 1003 4179 praeter
1032 4092 1291 4180 protestantium
1323 4094 1530 4160 commuuio·'

280 4201 348 4262 nes,
372 4201 455 4268 quas
477 4186 608 4268 uocant,
632 4178 845 4246 ineluctabile
869 4179 1100 4246 documentum
1124 4188 1175 4248 est
1207 4179 1361 4248 Ecclesia
1406 4179 1525 4267 Angli·

281 4290 371 4350 cana,
395 4290 479 4356 quae
502 4267 620 4336 effecta
644 4276 695 4335 est
718 4265 785 4335 vile
820 4266 1018 4356 mancipium
1049 4269 1152 4337 laicae
1196 4268 1377 4357 potestatis
1422 4269 1522 4356 regis,

281 4357 353 4423 sive
375 4359 519 4442 reginae,
544 4379 603 4423 seu
625 4356 877 4424 commitiorum.

367 4444 439 4512 Hoc
462 4445 583 4511 vitium
605 4445 758 4512 inhaeret
780 4446 881 4512 etiam
902 4443 971 4532 juri
993 4445 1150 4511 canonico
1173 4446 1367 4533 byzantino,
1414 4466 1452 4511 ao
1475 4443 1525 4510 ita

280 4532 366 4599 illud
389 4532 504 4614 inficit,
528 4539 568 4599 ut
590 4534 710 4600 merito
733 4532 818 4600 illud
842 4532 1013 4600 vocaveris
1047 4533 1162 4621 potius
1207 4533 1260 4619 jus
1305 4533 1405 4600 civile
1428 4553 1526 4617 quam

282 4622 483 4703 canonicum,
509 4622 569 4688 boc
591 4621 678 4690 enirn
701 4623 742 4688 ab
765 4622 825 4688 illo
848 4643 942 4688 suam
965 4627 1099 4688 mutuat
1122 4621 1294 4707 obligandi
1318 4621 1395 4687 vim.
1420 4620 1524 4706 Cujus

281 4711 329 4776 rei
353 4733 467 4778 recens
489 4709 597 4777 adbuc
621 4717 867 4778 monumentum
892 4716 944 4776 est
973 4709 1243 4797 Promptuarium
1289 4730 1347 4777 seu
1370 4709 1526 4796 Epitome
