3464 5366
889 349 932 416 70

806 443 1010 454 *—

278 575 435 649 mentnm,
463 569 656 638 distinctam
680 594 700 636 a
723 594 759 637 se
782 576 921 660 petram,
948 570 1001 638 cui
1040 575 1114 637 tota
1147 593 1322 660 compages
1356 572 1529 639 terrestris

278 679 357 811 Suae
379 657 552 812 Etcclesiae
575 659 787 740 inniteretur,
811 664 846 726 et
869 657 1037 747 usquead
1063 658 1161 724 finem
1184 660 1287 727 seculi
1309 661 1445 727 immota
1457 683 1530 748 per·

301 766 425 814 unare.

279 925 313 1019 ἕ.
344 922 413 1004 57.
441 923 641 1007 Christus
668 873 894 1006 Rectorem
927 922 1217 1028 principalem
1243 948 1348 1008 suae
1388 923 1528 1008 Eccle

279 1049 371 1132 siae
397 1051 446 1132 in
472 1051 617 1148 terris,
645 1050 830 1153 reliquit
855 1051 1034 1132 Petrum
1063 1049 1315 1152 Principem
1349 1051 1529 1156 Aposto-

824 1176 979 1259 lorum.

373 1341 481 1412 Juxta
504 1341 725 1430 Evangelium
750 1345 930 1414 secundum
953 1343 1126 1411 Matheum
1149 1342 1227 1432 Cap.
1253 1343 1303 1410 16.
1335 1366 1366 1411 v.
1394 1343 1445 1412 15.
1480 1343 1529 1413 di·

277 1431 328 1499 xit
350 1428 451 1498 Jesus
475 1429 674 1520 Apostolis:
699 1428 790 1513 „Vos
813 1439 936 1513 autem,
961 1453 1058 1521 quem
1080 1453 1131 1498 mo
1162 1430 1289 1512 dicitis,
1333 1454 1364 1497 v.
1391 1433 1440 1500 16.
1464 1431 1529 1499 Ite·

277 1518 442 1608 spondens
465 1519 578 1586 Simon
600 1519 723 1587 Petrus
745 1519 852 1588 dixit:
876 1519 929 1588 'Pu
952 1542 988 1588 es
1011 1519 1166 1588 Christus
1189 1518 1281 1586 filius
1303 1519 1369 1587 Dei
1390 1519 1470 1599 vivi,
1495 1542 1529 1587 v.

279 1609 330 1674 17.
353 1606 572 1696 Respondens
594 1612 707 1675 autem
730 1607 832 1676 Jesus
855 1607 944 1676 dixit
966 1611 1013 1676 ei:
1038 1608 1165 1676 Beatus
1210 1629 1245 1675 cs
1291 1607 1403 1676 Simon
1448 1607 1530 1674 Bar-

277 1695 375 1776 Jona,
400 1695 478 1784 quia
501 1717 577 1763 caro
601 1701 636 1763 et
659 1696 797 1784 sanguis
819 1717 886 1766 non
909 1694 1075 1765 revelavit
1097 1695 1172 1777 tibi,
1196 1696 1253 1764 sed
1276 1696 1378 1764 Pater
1423 1718 1525 1776 meus,

277 1784 391 1874 quiin
415 1782 515 1850 coelis
540 1788 601 1850 est.
635 1805 666 1850 v.
713 1783 764 1851 18.
788 1783 835 1851 Et
859 1806 920 1874 ego
943 1784 1017 1874 dico
1049 1782 1123 1866 tibi,
1160 1783 1238 1873 quia
1272 1791 1312 1851 tu
1348 1805 1383 1851 es
1405 1783 1529 1851 Petrus

277 1874 401 1960 (petra)
417 1877 459 1938 et
491 1893 591 1960 super
624 1871 709 1938 hanc
742 1878 871 1960 petram
907 1870 1089 1939 aedificabo
1122 1870 1309 1944 Ecclesiam
1343 1892 1458 1952 meam,
1494 1877 1531 1938 et

277 1964 395 2049 portae
417 1960 519 2027 inferi
541 1981 607 2026 non
629 1960 872 2114 praevalebunt
894 1959 1055 2028 adversus
1068 1966 1171 2026 eam.“
1190 1959 1340 2044 Quorum
1352 1959 1528 2027 verborum

277 2048 398 2137 planus
421 2070 538 2115 sensus
563 2051 615 2115 est
661 2047 708 2114 ic:
733 2046 882 2133 adusque
905 2047 1078 2115 vocabaris
1102 2046 1215 2115 Simon
1239 2047 1330 2114 filius
1365 2046 1483 2128 Jonas,
1508 2068 1528 2114 a

279 2134 375 2202 modo
399 2154 488 2216 vero,
513 2136 592 2225 quia
614 2135 718 2203 Pater
740 2157 833 2204 mens
856 2135 1011 2204 coelestis
1045 2135 1182 2224 speciali
1216 2134 1421 2203 revelatione
1453 2157 1529 2202 con·

277 2223 433 2290 fessionis
456 2245 558 2304 meae,
583 2228 637 2289 vel
661 2222 701 2290 de
724 2245 785 2308 mo,
810 2230 845 2291 te
882 2223 1049 2305 distinxit,
1086 2223 1257 2291 vocaberis
1291 2223 1424 2304 Petrus,
1455 2224 1529 2292 sive

276 2318 383 2399 petra,
407 2317 441 2378 et
465 2332 565 2401 super
588 2311 674 2378 hano
696 2317 836 2399 petram,
860 2311 1046 2401 principale
1077 2316 1112 2379 et
1134 2310 1301 2380 immobile
1335 2310 1529 2378 fundamen-

277 2413 359 2480 tum,
383 2398 564 2467 aedificabo
586 2398 772 2468 Ecclesiam
796 2422 911 2481 meam,
935 2399 997 2468 hoc
1020 2403 1073 2467 est
1095 2398 1241 2482 innixam
1264 2399 1404 2467 servabo
1414 2397 1529 2467 Eccle-

217 2523 219 2532 v
277 2487 359 2555 siam
382 2509 497 2568 meam,
521 2494 643 2591 utnec
666 2488 808 2556 maxima
831 2493 992 2591 potestas,
1031 2487 1139 2578 qualis
1177 2495 1231 2560 est
1264 2492 1381 2578 portae
1414 2487 1527 2568 inferi,

276 2574 1254 2732 tlt⁰l³l2ttt³tltttttt,litttttttttaitt
1267 2579 1529 2731 sistit?

277 2751 387 2818 stiana
410 2751 595 2819 orthodoxa
618 2759 653 2818 et
675 2751 864 2838 catholiea3
885 2758 990 2842 utque
1012 2757 1139 2820 taceam
1164 2751 1404 2820 contessionem
1414 2749 1529 2818 Eccle

276 2840 346 2909 siae
368 2840 504 2922 latinae,
528 2861 613 2929 quae
634 2841 686 2907 uti
710 2861 752 2907 ue
774 2847 917 2921 constat,
941 2841 1050 2907 solum
1083 2839 1322 2907 confessionem
1356 2839 1529 2907 Ecclesiae

275 2950 415 3016 graecae
438 2929 628 3016 protulisse
641 2862 800 3010 suificat,
824 2950 919 3017 quae,
943 2949 1009 3018 qua
1030 2935 1192 3018 perpetua
1215 2926 1369 2996 Traditio
1382 2926 1527 2995 inlibris

277 3017 423 3105 ejusdem
446 3016 635 3098 ritualibus,
660 3016 717 3104 qui
739 3016 818 3084 libri
841 3015 985 3083 omnium
1008 3021 1079 3083 tam
1118 3015 1387 3120 praeteritorum,
1419 3035 1519 3103 quam

277 3110 311 3173 et
331 3105 521 3172 futurorum
543 3105 729 3172 seculorum
752 3104 858 3171 totius
880 3103 1051 3172 Ecclesiae
1064 3104 1267 3173 christianae
1286 3103 1527 3187 inconcussam,

276 3199 311 3261 et
333 3193 573 3261 immutabilem
595 3191 694 3260 fidem
729 3192 929 3281 exprimunt,
954 3192 1107 3282 deposita
1130 3197 1192 3260 est.

276 3397 311 3490 ἓ.
340 3392 407 3475 58.
436 3341 671 3477 Confessio
685 3393 904 3477 Ecclesiae
947 3418 1144 3499 graecae,
1182 3393 1365 3478 Petrum
1403 3393 1529 3477 Prin·

277 3520 418 3624 cipem
443 3519 752 3624 Apostolorum
798 3544 892 3602 esse
932 3520 1261 3604 fundamentum
1303 3518 1528 3604 Ecclesiae

691 3743 693 3748 ¹
753 3646 1073 3770 constitutum.¹

371 3813 542 3882 Confessio
566 3813 736 3882 Ecclesiae
783 3836 897 3882 raecae
932 3835 997 3904 qua
1031 3813 1173 3882 traditio
1207 3812 1323 3881 divina
1357 3812 1392 3881 in
1426 3811 1526 3879 libris

277 3903 348 3991 ejus
370 3902 567 3970 Ritualibus
590 3907 625 3969 et
647 3839 883 3990 Euchoiogicis
907 3924 966 3991 pro
990 3900 1184 3970 testimonio
1196 3900 1274 3969 fidei
1284 3900 1526 3970 chistianorum
1559 3985 1563 3996 Ι

277 3991 420 4056 omnium
444 3990 629 4056 seculorum
653 3989 813 4076 deposita,
836 3990 976 4057 Petrum
1000 3990 1223 4058 constitutum
1246 4011 1318 4057 esse
1336 3997 1467 4079 petram
1490 3996 1527 4056 et

276 4077 528 4145 fundamentum
551 4077 735 4180 principale
758 4078 926 4146 Ecclesiae
939 4078 1141 4146 christianae
1154 4077 1292 4146 evidens
1302 4089 1355 4144 est
1368 4099 1409 4142 ex
1419 4076 1526 4160 cultu,

277 4166 348 4232 sive
371 4166 480 4233 otficio
504 4168 615 4234 cultus
639 4166 746 4233 mvini
768 4188 829 4255 pro
852 4166 905 4233 die
929 4166 980 4232 16.
1003 4165 1171 4252 Januarii,
1194 4188 1259 4256 quo
1282 4165 1336 4232 die
1373 4164 1527 4232 Ecclesia

276 4255 466 4321 memoriam
486 4254 604 4320 recolit
627 4255 832 4323 vinculorum
855 4255 1012 4342 Apostoli
1036 4255 1140 4338 Petri,
1165 4261 1266 4344 atque
1310 4253 1346 4320 in
1387 4252 1525 4339 Hymno

277 4342 456 4428 (Svetilna)
479 4341 561 4409 haec
583 4343 696 4409 canit:
721 4342 824 4424 „Post
848 4342 1064 4410 mutationem
1088 4341 1230 4410 nominis
1252 4339 1390 4410 vocavit
1416 4338 1527 4430 (Chri-

277 4431 366 4518 stus)
390 4436 425 4497 te
448 4429 595 4512 Petrum,
620 4452 684 4519 qua
707 4436 837 4519 petram
860 4429 981 4498 fortem
1002 4435 1037 4498 et
1049 4430 1303 4499 fundamentum
1322 4427 1524 4497 Ecclesiae.“

276 4517 365 4586 Item
387 4517 502 4585 eodem
524 4517 601 4587 die:
627 4518 750 4600 „Petra
773 4517 937 4601 Christus,
961 4518 1039 4587 fidei
1062 4527 1192 4608 petram
1237 4518 1396 4608 rincipem
1429 4515 1526 4584 disci·

277 4605 432 4694 pulcrum
454 4604 583 4674 illustri
603 4612 702 4674 ornat
723 4607 865 4691 gloria.“
897 4605 1041 4676 Frustra
1073 4606 1179 4694 igitur
1245 4606 1340 4675 eilias
1374 4603 1524 4673 Maniata

277 4695 313 4762 in
337 4695 422 4762 libro
446 4716 542 4784 quem
564 4694 667 4784 Lapis
698 4694 898 4778 offendiculi,
923 4695 994 4763 sive
1028 4695 1279 4786 Expositionem
1315 4691 1454 4782 originis
1489 4699 1524 4760 et
