3464 5366
828 329 871 396 54

328 550 363 622 (l.
388 549 462 617 203.
488 547 536 619 De
560 550 690 639 nuptiis
712 552 829 640 primis
851 559 887 620 et
911 550 1085 638 legalibus.

327 639 363 708 0.
387 638 461 707 204.
486 637 737 708 Matrimonium
762 640 871 728 legale
895 647 1016 723 ratum,
1040 640 1173 709 etiamsi
1218 647 1483 712 consummatum

231 728 377 810 nonsit,
401 726 487 794 solvi
512 727 639 816 nequit.
1125 737 1131 748 “

328 816 364 884 O.
388 814 462 884 205.
487 814 683 903 Quicunque
705 838 902 904 congressus
925 816 1029 884 111111
1053 837 1126 884 cum
1150 837 1253 891 uxore
1276 821 1354 900 ante
1385 817 1483 884 bene·
1560 893 1564 906 ¹

234 903 423 986 dictionem,
448 903 589 1007 punitur
611 911 651 970 ut
674 904 859 972 fornicator
881 911 1009 994 septem
1032 925 1193 972 annornm
1216 899 1441 994 prohibitione
1463 925 1484 970 a

233 1015 326 1062 saera
350 1011 586 1061 communione.
1283 1045 1287 1058 ,
1375 1023 1378 1028 ,

329 1079 365 1149 C.
389 1078 463 1148 206.
488 1078 623 1152 Tertiae
646 1084 681 1147 et
703 1089 840 1168 quartae
862 1081 999 1171 nuptiae
1017 1080 1249 1170 reprobantur.

329 1169 365 1236 0.
389 1165 464 1234 207.
488 1166 538 1236 De
560 1167 710 1256 prolibus
733 1165 906 1255 legitimis,
931 1175 965 1236 et
988 1191 1004 1236 s
1028 1168 1121 1237 uriis.

330 1257 365 1325 G.
390 1254 465 1324 208.
486 1255 702 1324 Matrimonio
725 1255 905 1343 illegitimo
930 1191 1077 1346 copulati
1103 1255 1155 1324 15.
1180 1256 1319 1326 annisa
1343 1278 1506 1326 commu.

235 1346 334 1414 nione
354 1349 635 1413 sacramentonum
659 1343 921 1434 probibenturp
942 1344 1165 1413 concubinarii
1212 1345 1324 1427 etiam,
1349 1367 1368 1412 a
1390 1365 1486 1417 sacra

235 1431 462 1502 communione
484 1432 718 1522 repellantur.
861 1449 864 1458 ’

192 1595 199 1607 ,
330 1520 366 1590 G.
390 1518 464 1588 209.
490 1520 557 1603 Qui
580 1520 791 1588 matrimonio
814 1521 993 1609 illegitimo
1017 1517 1166 1611 copulati
1190 1527 1279 1604 sunt,
1299 1519 1486 1589 solutoma·
1521 1595 1524 1600 ⁴

234 1609 391 1678 trimonio
414 1608 456 1675 ad
480 1609 543 1676 alis
567 1609 704 1699 nuptias
735 1607 881 1678 transire
903 1615 1053 1700 possunt.

330 1697 365 1765 C.
390 1696 464 1763 210.
487 1696 633 1784 Abusus,
655 1699 742 1786 quod
774 1697 877 1786 aliqui
901 1698 944 1768 11
981 1705 1097 1767 sancta
1135 1696 1309 1799 evangelia
1343 1694 1486 1763 invicem

234 1785 484 1855 fraternitatem
505 1785 631 1871 jurent,
656 1787 844 1866 damnatur,
868 1793 903 1854 et
925 1809 985 1878 pro
1008 1787 1123 1854 futuro
1146 1784 1364 1875 prohibetur3
1388 1804 1488 1850 aesa-

236 1875 352 1944 cerdos
374 1873 432 1962 qni
457 1873 623 1941 similibus
646 1875 754 1963 pactis
789 1875 984 1957 intervenit,
1031 1871 1241 1964 deponendus
1286 1872 1486 1951 decernitur,

238 1969 340 2053 atque
364 1961 501 2051 nuptias
524 1983 637 2030 eornm
660 1963 696 2030 in
719 1961 863 2031 secundo
885 1963 994 2050 gradu
1017 1962 1130 2031 licitas
1161 1983 1242 2044 esee,
1278 1960 1487 2029 enunciatur.

333 2050 369 2118 C.
396 2049 472 2116 211.
494 2048 603 2138 Leges
626 2050 742 2124 civiles
764 2051 872 2141 quoad
896 2052 1069 2119 incestum.

332 2139 367 2207 C.
392 2137 466 2205 212.
491 2137 543 2205 De
564 2139 695 2207 incestu
718 2163 778 2229 per
797 2140 1056 2207 matrimonium.
1528 2209 1531 2218 ,
1591 2206 1596 2213 .

334 2226 370 2295 0.
395 2226 470 2294 213.
495 2226 725 2294 Antichristus
751 2228 885 2309 dieitur,
911 2228 969 2316 qni
992 2228 1065 2295 sine
1087 2227 1270 2302 sufficienti
1305 2245 1405 2294 causa
1427 2246 1489 2313 pro

237 2314 387 2384 mercede
409 2314 513 2383 solvit
537 2315 704 2404 conjugia.
1030 2346 1034 2358 r

334 2404 369 2472 (l.
397 2402 472 2470 214,
496 2403 634 2485 Causae,
659 2403 699 2470 ob
724 2425 806 2489 quas
833 2405 972 2472 maritus
993 2409 1107 2493 potest
1130 2404 1307 2494 procedere
1322 2402 1364 2470 ad
1380 2401 1491 2469 divor·

236 2491 322 2559 tium
345 2492 388 2561 ab
404 2513 526 2560 uxore:

326 2579 421 2669 1)81
445 2580 565 2648 mulier
588 2579 690 2648 sciret
713 2581 898 2670 conspirari
922 2587 1039 2650 contra
1061 2580 1251 2670 Principem
1264 2578 1491 2648 dominantem

281 2675 316 2738 et
338 2669 459 2736 marito
484 2690 549 2735 non
571 2667 788 2757 patefaceret.

333 2757 368 2844 2)
391 2756 421 2823 Ε
445 2779 544 2825 11111
567 2755 754 2845 perpetrati
777 2778 836 2845 per
857 2779 993 2825 uxorem
1017 2754 1187 2836 adulterii,
1213 2755 1422 2846 q'nodtamen
1446 2778 1488 2824 na

258 2845 447 2926 credatur,
472 2844 544 2912 nisi
561 2845 706 2933 quinque
729 2849 834 2913 testes
858 2845 947 2912 omni
970 2845 1162 2936 exceptione
1194 2843 1336 2932 majores
1355 2844 1491 2933 jurave·

280 2934 361 3013 rint,
386 2955 421 2999 se
444 2955 504 3022 pro
529 2932 589 3000 riis
613 2931 718 3000 oculis
742 2938 853 3001 actum
877 2933 1036 3002 adulterii
1061 2932 1195 3001 vidisse.

334 3021 368 3110 3)
393 3020 428 3088 Si
451 2956 573 3088 mulier
598 3020 688 3088 vitae
711 3021 826 3090 mariti
849 3043 1043 3112 quocunque
1066 3021 1162 3088 modo
1186 3019 1347 3089 insidiata
1373 3018 1489 3106 fuerit,

281 3109 336 3178 vel
359 3109 468 3177 sciens
491 3109 532 3176 ab
556 3107 632 3176 aliie
656 3109 745 3176 strui
768 3110 917 3193 insidias,
942 3111 1062 3179 marito
1086 3131 1152 3176 non
1161 3107 1298 3177 revelet.

333 3198 369 3286 4)
393 3196 430 3265 81
454 3201 571 3264 contra
596 3196 707 3264 mariti
735 3198 943 3267 voluntatem
967 3222 1042 3268 oum
1064 3198 1147 3267 viris
1171 3199 1340 3266 extraneis
1363 3217 1491 3287 compo-

281 3286 422 3366 111111
451 3285 593 3354 balneet.

333 3374 368 3458 5)
391 3373 428 3442 81
452 3379 569 3442 eontra
591 3374 706 3442 mariti
730 3375 941 3443 voluntatem
964 3381 1060 3445 extra
1085 3376 1216 3443 domum
1240 3374 1328 3464 apud
1349 3396 1416 3442 non
1440 3395 1492 3441 co·

281 3470 403 3550 gnatos
427 3468 570 3532 maneat.

334 3550 368 3636 6)
392 3551 428 3618 81
475 3551 651 3619 rohibente
674 3551 794 3629 marito
815 3551 858 3619 11
883 3551 1075 3642 spectacula
1097 3551 1244 3620 socedat.

257 3734 274 3796 t
321 3640 370 3742 ⁸(l.
394 3574 474 3706 215i
494 3639 592 3723 Quod
615 3641 656 3707 ob
679 3639 881 3713 adulterium
907 3663 992 3709 uxor
1014 3640 1153 3709 amittat
1189 3639 1310 3726 dotem,
1334 3639 1494 3708 similiter

238 3751 256 3796 a
296 3749 358 3795 vrr.
1072 3759 1074 3764 ·
1185 3747 1190 3754 ·

334 3816 369 3883 G.
392 3815 465 3882 216.
492 3815 630 3897 Causae,
655 3816 696 3882 ob
720 3837 802 3905 quas
827 3837 951 3884 uxore
976 3815 1095 3883 marito
1119 3815 1347 3884 divortiatur:

338 3904 372 3990 1)
396 3903 432 3971 Si
450 3903 612 3972 adversus
636 3903 850 3992 Maiestatem
873 3903 1041 3990 Principis
1064 3903 1118 3971 vel
1142 3905 1213 3995 ipse
1243 3904 1325 3994 quid
1355 3903 1494 3973 molitus

282 3992 396 4072 fuerit,
420 3993 474 4059 vel
498 3992 668 4082 aliquibus
692 3992 918 4073 molientibus,
942 3992 1014 4080 ipse
1039 3993 1199 4075 conscius,
1222 3993 1257 4060 id
1267 3993 1414 4083 Principi
1425 4015 1494 4061 non

282 4079 489 4170 patefecerit.

334 4167 367 4255 2)
391 4167 428 4236 81
450 4189 644 4258 quoeunque
669 4169 764 4235 modo
789 4168 943 4257 conjugis
967 4167 1058 4236 vitae
1081 4167 1264 4238 insidiatus
1287 4169 1400 4250 inerit,
1436 4171 1493 4237 vel

281 4256 565 4325 irrationabiliter
587 4279 658 4325 eam
682 4257 846 4337 verberet,
871 4256 926 4323 vel
948 4263 1044 4326 tanta
1067 4258 1114 4325 sit
1144 4257 1297 4338 saevitia,
1321 4264 1361 4325 ut
1396 4259 1492 4326 uxori

282 4343 467 4430 trepidanti
489 4367 556 4412 uon
579 4344 687 4448 possit
711 4345 880 4413 sufficiens
904 4345 1069 4414 securitas
1092 4345 1255 4435 promitti.

334 4433 369 4519 3)
393 4432 428 4500 Si
452 4433 636 4521 pudicitiae
659 4435 773 4504 uxoris
796 4433 937 4501 insidias
972 4439 1115 4516 struens,
1164 4433 1242 4502 aliis
1286 4434 1491 4504 abutendam

283 4519 460 4611 permittit.
1251 4531 1254 4540 ’

334 4609 369 4694 4)
393 4608 430 4676 81
453 4609 603 4692 maritus,
627 4632 730 4679 uxore
746 4608 916 4678 adulterii
938 4615 1104 4692 accusata,
1126 4632 1197 4678 ram
1208 4631 1275 4680 non
1285 4606 1495 4698 probaverit.
1585 4613 1599 4626 ‘

336 4697 371 4784 5)
394 4694 431 4766 81
455 4697 670 4766 concubinam
693 4698 825 4779 hebeat,
850 4697 922 4766 sive
945 4697 981 4766 in
1004 4697 1110 4780 domo,
1134 4698 1206 4766 sive
1228 4705 1333 4766 extra.
