3476 5366
884 393 945 459 178

808 489 1012 500 .,-.---.

287 613 516 699 ingruentium
539 613 700 678 bellorum
734 616 841 700 pressi
885 615 1093 700 indiguerint
1126 615 1274 765 accipere
1309 613 1351 678 ab
1374 613 1538 694 Ecclesia,

288 700 324 765 id
346 722 505 790 perquam
528 701 691 765 submisso
714 701 823 766 animo
847 723 866 764 a
888 702 1039 768 Romano
1084 700 1185 766 Ponti
1212 723 1248 766 ce
1280 705 1434 788 expetere
1458 723 1532 768 oon·

289 794 480 868 sueverunt,
504 793 538 853 et
561 788 602 853 ab
627 787 685 853 illo
714 794 873 876 paternae
918 789 1072 855 caritatis
1118 789 1241 854 aflectu
1274 809 1336 875 pro
1370 788 1535 855 facultate

288 878 463 978 praestari,
488 876 582 963 cujus
605 874 654 942 rei
676 874 850 978 innumera
884 883 963 943 sunt
1009 877 1188 964 exempla‘
1231 912 1273 926 -
1296 875 1452 943 Ceterum
1473 876 1538 942 hac

288 987 324 1030 ιιι
346 987 383 1032 re
405 962 561 1032 standum
584 965 862 1032 conventionibus
886 987 958 1031 cum
992 964 1186 1067 Apostolica
1209 963 1295 1030 Sede
1316 964 1421 1030 initis.

352 1166 387 1258 ξ.
420 1162 513 1246 192.
540 1163 604 1244 De
632 1163 995 1247 secularitatione
1030 1163 1241 1247 bonorum
1281 1163 1479 1247 ecclesia·

805 1290 1026 1371 eticorum.

385 1435 479 1501 Bona
503 1434 727 1503 ecclesiastica
773 1441 874 1523 prout
919 1436 1027 1523 liquet
1057 1457 1099 1502 ex
1122 1434 1223 1502 dictis
1245 1434 1457 1501 immunitate
1481 1454 1542 1499 seu

290 1524 500 1612 exemptione
524 1523 695 1610 gaudent;
719 1523 754 1589 in
778 1545 857 1589 casu
872 1529 985 1590 tamen
1017 1524 1171 1612 publicae
1193 1528 1379 1590 exstremae
1401 1520 1541 1589 necessi-

288 1611 381 1693 tatis,
401 1610 436 1676 id
460 1617 520 1691 est,
545 1619 584 1676 ut
607 1610 675 1676 alia
709 1611 858 1678 subsidia
881 1612 1099 1678 necessitatis
1134 1612 1289 1700 publicae
1312 1609 1541 1677 sublevandae

287 1721 353 1764 uon
377 1699 467 1783 sint;
514 1706 713 1787 servatoque
737 1705 828 1765 recto
852 1699 979 1780 ordine,
1008 1699 1102 1766 idest
1124 1706 1164 1766 ut
1187 1698 1384 1778 necessaria,
1408 1697 1541 1784 religio-

253 1829 255 1834 ·
287 1787 350 1868 nis,
374 1787 569 1854 necessariis
592 1786 753 1853 Civitatis
776 1789 1032 1872 praeferantur3
1059 1792 1095 1854 st
1117 1786 1240 1854 debitis
1259 1788 1321 1854 sub
1344 1785 1541 1853 conditioni·

287 1875 359 1956 bus,
383 1873 481 1956 idest,
504 1898 579 1941 cum
610 1875 806 1941 interventu
850 1875 1064 1942 auctoritatis
1107 1875 1353 1942 ecclesiasticae
1376 1872 1539 1962 imprimis

288 1962 407 2028 summi
429 1962 604 2030 Pontificis
627 1961 849 2044 secularizari,
895 1963 983 2030 idest
1006 1964 1041 2028 in
1065 1963 1148 2030 alios
1183 1965 1338 2051 profanos
1361 1963 1443 2029 fines
1466 1981 1542 2027 con·

287 2053 375 2118 verti
398 2072 495 2139 posse
518 2050 733 2118 consentiunt
761 2050 971 2118 Canonistae.

287 2229 323 2323 ἓ.
354 2227 446 2309 193.
475 2229 538 2310 De
564 2227 783 2309 limitibus
817 2227 1137 2311 ecclesiasticae
1179 2231 1227 2310 et
1249 2229 1397 2311 civilis
1423 2232 1541 2333 pote·

287 2353 414 2435 statis
450 2354 590 2436 relate
636 2353 692 2436 ad
727 2354 1051 2436 institutionem
1095 2354 1318 2458 publicam
1360 2357 1403 2436 et
1440 2354 1541 2436 edu-

797 2481 1025 2563 cationem.

398 2627 481 2695 Tam
504 2625 673 2693 Ecclesiae
705 2647 802 2714 quam
848 2625 995 2693 Civitati
1027 2625 1082 2713 jus
1107 2631 1159 2693 est
1181 2625 1335 2713 subjecta
1358 2626 1419 2694 sibi
1445 2627 1541 2694 adso-

287 2713 375 2782 ciata
398 2714 694 2801 correspondenter
717 2734 815 2801 scopo
839 2736 899 2780 suo
924 2713 1087 2781 educandi
1111 2720 1146 2781 et
1167 2714 1378 2796 informandi,
1402 2715 1542 2804 utrique

287 2824 365 2890 ergo
389 2803 544 2870 societati
589 2800 833 2868 ecclesiasticae
856 2810 891 2866 et
914 2801 1005 2868 civili
1051 2803 1185 2883 erectio,
1221 2811 1256 2870 et
1279 2802 1425 2888 directio
1466 2826 1543 2892 pro-

285 2895 435 2979 priorum
457 2889 694 2969 institutionis,
719 2894 754 2956 et
777 2889 984 2955 educationis
1007 2889 1247 2958 Institutorum
1268 2889 1344 2979 jure
1367 2891 1541 2979 competit.

287 2979 405 3062 Quoad
428 2977 565 3044 Scholas
589 2983 700 3044 autem
735 2982 770 3042 et
793 2975 959 3044 Instituta
994 2977 1202 3046 educationis
1225 2978 1361 3067 utrique
1383 2981 1541 3046 societati

287 3067 480 3147 communia,
503 3067 646 3154 utrique,
659 3065 765 3132 relate
789 3065 831 3130 ad
853 3065 1024 3154 proprium
1047 3065 1146 3134 finem
1164 3067 1310 3133 influxus
1333 3067 1535 3135 tribuendus

214 3163 218 3170 '
286 3161 347 3222 est.
372 3153 615 3222 concordatum
663 3153 880 3220 Austriacum
905 3153 965 3220 hac
1002 3154 1042 3220 de
1075 3176 1112 3220 re
1142 3156 1298 3222 Articulo
1321 3153 1364 3221 V.
1388 3155 1539 3222 statuit:

285 3331 427 3418 publicis
472 3353 571 3419 quam
611 3330 754 3418 privatis
802 3330 979 3396 conformis
1025 3330 1090 3396 erit
1137 3330 1309 3398 doctrinae
1363 3331 1540 3418 religionis

286 3419 500 3486 Catholicae:
524 3418 682 3507 Episcopi
705 3422 816 3485 autem
840 3439 879 3484 ex
902 3418 1028 3505 proprii
1059 3417 1161 3484 officii
1185 3418 1366 3507 pastoralis
1390 3441 1539 3501 munere,

210 3548 217 3562 ·
287 3507 433 3592 dirigent
455 3507 645 3594 religiosam
678 3505 870 3595 juventutis
901 3508 1129 3573 educationem
1158 3508 1192 3572 in
1226 3507 1377 3574 omnibus
1413 3507 1542 3574 instru-

286 3595 408 3661 ctionis
421 3595 502 3661 locis
525 3603 560 3661 et
582 3594 723 3683 publicis
747 3601 782 3660 et
792 3594 946 3684 privatis,
971 3601 1072 3683 atque
1087 3594 1268 3681 diligenter
1287 3595 1538 3681 advigilabant,

286 3691 325 3749 ut
348 3684 384 3748 in
407 3684 525 3771 quavis
548 3682 712 3750 tradenda
736 3683 913 3772 disciplina
935 3683 1020 3748 nihil
1045 3683 1144 3764 adsit,
1169 3682 1258 3771 quod
1281 3682 1463 3751 catholicae
1488 3705 1540 3749 re·

285 3771 413 3856 ligioni,
461 3793 652 3858 morumque
694 3771 863 3838 honestati
908 3771 1135 3838 adversetur.“
1185 3772 1234 3837 Et
1267 3771 1423 3837 Articulo
1456 3769 1538 3838 VL:

290 3858 413 3940 „Nemo
437 3881 565 3926 sacram
610 3858 833 3944 Theologiam,
873 3859 1081 3960 disciplinam
1126 3859 1372 3940 catecheticam,
1398 3859 1450 3925 vel
1474 3859 1543 3925 Re-

285 3947 422 4034 ligionis
440 3948 626 4014 doctrinam
658 3947 693 4012 in
722 3969 916 4035 quocunque
961 3947 1121 4013 instituto
1157 3948 1209 4013 vel
1239 3947 1373 4035 publico
1398 3946 1450 4013 vel
1474 3949 1542 4035 pri-

286 4041 366 4102 vato
389 4036 510 4116 tradet,
558 4034 624 4101 nisi
655 4058 728 4101 cum
775 4035 938 4115 missione,
972 4040 1044 4101 tum
1075 4037 1311 4102 auctoritatem
1358 4033 1542 4101 obtinuerit

286 4125 327 4190 ab
348 4124 514 4211 Episcopo
538 4122 746 4208 dioecesanc;
794 4125 889 4207 cuius
913 4123 1049 4189 eandem
1079 4145 1237 4190 revocare
1261 4133 1323 4201 est,
1348 4121 1542 4207 quandoid

287 4220 509 4301 opportunum
555 4213 733 4279 censuerit.
768 4212 901 4279 Publici
934 4210 1137 4297 Theologiae
1184 4212 1406 4292 Professores,
1431 4218 1465 4277 et
1490 4209 1539 4277 di-

285 4301 445 4389 sciplinae
469 4300 692 4372 catecheticae
714 4300 873 4387 Magistri
911 4307 1086 4390 postquam
1117 4322 1285 4366 sacrorum
1323 4300 1474 4366 Antiates
1499 4298 1542 4366 de

287 4389 538 4456 candidatorum
561 4389 636 4469 fide,
660 4389 811 4468 scientia,
836 4412 876 4456 ac
922 4389 1026 4456 ietate
1071 4389 1273 4454 sententiam
1318 4409 1412 4453 suam
1441 4409 1541 4475 expo·

286 4480 400 4557 suerit,
424 4478 685 4543 nominabuntur
708 4500 747 4545 ex
770 4477 823 4557 iis,
848 4413 968 4562 quibus
992 4476 1131 4545 docendi
1155 4477 1344 4542 missionem
1368 4483 1403 4542 et
1426 4483 1541 4542 aucto-

285 4567 421 4633 ritatem
445 4565 594 4632 conferre
618 4573 773 4653 paratum
796 4587 831 4632 se
854 4566 1052 4632 exhibuerit.
1088 4563 1155 4630 Ubi
1179 4572 1292 4630 autem
1315 4563 1541 4648 Theologicae

285 4652 461 4722 facultatis
484 4652 713 4720 Professorum
758 4654 902 4741 quidam,
936 4654 977 4720 ab
1016 4653 1192 4742 Episcopo,
1216 4652 1259 4718 ad
1284 4651 1461 4720 Seminarii
1485 4652 1539 4720 sui

287 4742 437 4810 alumnos
460 4743 494 4808 in
518 4741 702 4829 Theologia
745 4742 941 4811 erudiendos
986 4741 1138 4810 adbiberi
1173 4743 1291 4823 solent,
1316 4744 1349 4807 in
1374 4741 1539 4829 ejusmodi
