3464 5366
868 348 933 416 120

272 572 427 640 Domini:
453 572 577 660 quippe
601 573 662 639 hoc
686 573 757 639 aine
780 571 986 661 blasphemia
1009 575 1044 638 et
1066 571 1238 659 impietate
1260 589 1355 637 nemo
1378 568 1520 637 dixerit:

273 660 331 728 aed
353 664 463 726 totum
488 682 526 726 ac
555 660 724 746 integrum
748 661 919 729 Christum
942 658 1122 726 secundum
1134 658 1365 738 substantiam,
1379 659 1521 724 animam

272 747 431 815 videlicet
455 769 548 814 suam
572 755 607 814 et
630 750 851 829 divinitatem,
876 747 965 814 idest
997 746 1129 814 DEUM
1151 747 1344 834 perfectum,
1369 751 1403 813 et
1448 768 1521 835 per-

273 836 397 905 fectum
420 835 595 904 hominem.
620 835 717 904 Unde
740 843 775 903 et
798 835 923 903 multae
947 857 1017 903 cum
1053 857 1112 924 per
1147 835 1258 901 orbem
1290 833 1403 922 eadem
1437 834 1520 902 hore

273 924 482 993 celebrantur
504 924 636 1005 Missae,
682 925 936 1015 haudquaquam
959 923 1086 991 Christi
1108 923 1231 1013 plures,
1277 923 1416 1010 luraque
1439 926 1523 990 sunt

273 1013 398 1082 Christi
422 1033 576 1101 corpora3
601 1012 764 1081 sedunus
787 1018 821 1079 in
844 1013 993 1080 omnibus
1017 1035 1055 1079 ac
1078 1011 1220 1099 singulis
1268 1011 1393 1079 delium
1405 1011 1520 1079 Eccle-

273 1101 331 1169 siis
354 1122 432 1168 vera
455 1121 492 1168 ao
516 1100 654 1168 realiter
676 1123 833 1191 praesens
857 1106 892 1169 et
913 1103 984 1189 ipse
1007 1100 1171 1182 Christus,
1195 1121 1298 1166 unum
1332 1104 1367 1166 et
1388 1121 1520 1189 corpus,

273 1193 308 1258 et
330 1190 465 1276 sanguia
489 1210 584 1256 unus.
609 1191 723 1279 Atque
746 1191 779 1256 id
804 1190 945 1280 quidem,
969 1211 1035 1256 non
1058 1189 1145 1278 quod
1169 1187 1254 1255 illud
1298 1186 1406 1256 uodin
1429 1187 1520 1255 coelo

273 1282 326 1346 est
348 1277 481 1344 Domini
503 1298 622 1366 corpus
646 1300 745 1367 snper
768 1279 890 1346 altaria
918 1276 1106 1357 descendat,
1120 1275 1190 1344 sed
1212 1210 1301 1364 quod
1322 1282 1403 1365 post
1447 1297 1522 1343 con·

272 1365 491 1434 sacrationem
510 1386 669 1434 converso
693 1365 734 1434 ac‘
753 1365 1073 1434 transsubstantiato
1098 1387 1145 1448 eo,
1169 1367 1225 1453 qui
1249 1365 1390 1452 singulis
1401 1364 1436 1434 in
1458 1363 1521 1431 Ec·

274 1453 384 1521 clesiis
407 1453 548 1520 offertur
588 1455 802 1543 repositionis
825 1477 920 1544 pane,
944 1476 1046 1521 unum
1069 1459 1104 1521 et
1126 1452 1160 1519 id
1182 1453 1245 1519 fiat
1267 1458 1302 1519 et
1324 1456 1369 1520 ait
1395 1473 1468 1521 cum
1482 1474 1520 1519 eo

273 1540 361 1628 quod
384 1541 493 1608 estin
517 1476 617 1609 coebo.
642 1543 774 1632 Quippe
797 1543 911 1610 multis
933 1543 969 1611 in
992 1542 1074 1610 locis
1096 1562 1162 1608 non
1185 1540 1302 1622 multa,
1326 1540 1384 1609 sed
1418 1562 1522 1607 unum

274 1636 328 1697 est
352 1650 471 1717 corpus
493 1628 643 1716 Domini3
668 1654 707 1699 ac
729 1631 783 1699 vel
807 1632 886 1699 hinc
909 1633 1049 1697 maxime
1072 1629 1224 1697 mirabile
1247 1633 1309 1710 est,
1334 1630 1522 1713 diciturque

273 1716 464 1805 hujusmodi
487 1717 748 1800 Sacramentum,
773 1725 808 1788 et
831 1721 901 1786 sola
925 1718 991 1786 fide
1014 1741 1082 1785 com
1107 1716 1523 1800 rehensibile,nouautem

272 1806 435 1873 humanae
457 1805 658 1876 ratiunculis
682 1811 886 1896 sapientiae;
910 1807 1005 1910 cujus
1028 1741 1157 1895 quidem
1194 1827 1324 1887 vanam,
1370 1812 1405 1873 et
1434 1804 1523 1872 circa

273 1916 328 1961 res
350 1893 481 1961 divinas
505 1916 633 1961 coccam
656 1896 903 1985 inquisitionem
927 1917 992 1983 pra,
1017 1906 1118 1980 atqua
1141 1893 1305 1961 divinitus
1334 1893 1431 1961 nobis
1452 1897 1523 1960 tra-

273 1982 345 2048 dita
359 1982 529 2071 ⁴professio
552 1989 667 2050 nostra
682 1987 881 2052 contemnit.
904 1983 991 2049 Item
1015 1988 1050 2050 et
1072 2003 1224 2070 supremo
1248 1981 1420 2049 colendum
1464 1981 1522 2047 ho·

272 2091 362 2151 nore,
387 2069 547 2158 cultuque
569 2070 692 2138 latriae
713 2073 800 2139 idem
822 2071 956 2138 Domini
980 2093 1099 2160 corpus
1131 2075 1164 2138 et
1210 2071 1403 2158 sanguinem
1449 2090 1522 2136 esee

275 2157 489 2225 adorandum.
515 2157 645 2248 Quippe
668 2159 899 2228 sanctissimae
922 2159 1111 2240 Trinitatis,
1136 2163 1171 2226 et
1202 2161 1346 2246 corporis
1390 2159 1523 2243 sangui·

274 2245 393 2348 nisque
415 2245 549 2319 Domini
571 2269 637 2314 una
661 2249 811 2316 adoratio
835 2254 896 2315 est.
921 2248 1012 2314 Item
1030 2253 1065 2314 et
1088 2267 1203 2314 verum
1234 2253 1336 2335 atque
1364 2246 1523 2335 propitia·

274 2339 400 2400 tomum
424 2355 497 2401 esse
520 2335 727 2418 sacrificium,
752 2337 839 2425 quod
862 2358 922 2424 pro
941 2335 1096 2402 fidelibus
1120 2333 1272 2402 omnibus
1304 2340 1376 2401 tum
1421 2333 1521 2415 vivis,

273 2426 347 2487 tum
370 2420 546 2502 defunctis,
571 2445 632 2490 nec
655 2445 721 2492 non
744 2439 778 2492 et
802 2445 861 2514 pro
884 2426 1035 2491 utilitate
1058 2425 1201 2490 omnium
1225 2421 1376 2503 oflertur,
1410 2423 1463 2488 uti
1485 2429 1523 2488 et

273 2512 307 2577 in
330 2509 470 2600 hujusce
493 2510 700 2580 Sacramenti
722 2513 876 2601 precibus
900 2511 1107 2600 exprimitur,
1131 2533 1216 2600 quas
1238 2530 1298 2600 pro
1339 2533 1386 2591 eo,
1423 2530 1524 2595 quam

274 2620 295 2665 a
317 2597 458 2665 Domino
481 2607 675 2687 receperant
699 2600 892 2689 disponendi
922 2605 1102 2689 potestate,
1148 2598 1307 2688 Apostoli
1350 2597 1524 2666 Ecclesiae

273 2684 453 2753 tradidere.
477 2686 564 2753 Item
588 2696 667 2756 ante
689 2711 785 2756 usum
809 2692 924 2756 statim
948 2711 968 2756 a
991 2688 1248 2770 consecratione,
1272 2709 1311 2756 ac
1323 2693 1401 2777 post
1412 2708 1521 2769 usum,

273 2774 307 2840 id
331 2773 418 2859 quod
440 2775 544 2842 sacris
567 2777 601 2841 in
625 2777 805 2866 pyxidibus
827 2776 1049 2845 communioni
1076 2776 1348 2844 moribundorum
1371 2796 1523 2843 asserva·

273 2868 340 2942 tur,
366 2883 484 2951 corpus
506 2885 579 2930 esse
602 2864 735 2932 Domini
759 2887 885 2946 verum,
910 2871 944 2932 et
967 2888 987 2932 a
1009 2887 1045 2932 ae
1068 2867 1139 2953 ipso
1163 2887 1205 2932 ne
1250 2865 1305 2931 val
1349 2863 1523 2932 levissime

274 2949 406 3039 quidem
429 2949 615 3038 diversum;
640 2959 804 3038 quatenus
827 2959 906 3020 ante
927 2975 1024 3021 usum
1047 2960 1124 3042 post
1147 2955 1439 3033 consecrationem,
1485 2954 1523 3020 in

273 3060 347 3119 usu,
372 3059 410 3104 ao
433 3045 511 3127 post
533 3061 629 3107 usum
653 3063 769 3109 verum
792 3043 925 3109 omnino
949 3043 996 3109 sit
1020 3064 1139 3131 corpus
1161 3041 1306 3110 Domini.
1329 3042 1522 3123 Praeterea,

274 3127 376 3194 verba
400 3126 810 3212 Transsubstantiationis,
835 3130 968 3197 modum
991 3130 1095 3212 illum,
1120 3133 1241 3219 quoin
1265 3152 1384 3220 corpus
1400 3134 1524 3196 etsan·

273 3217 406 3302 guinem
431 3214 566 3284 Domini
587 3219 685 3307 panis
709 3225 743 3287 et
767 3219 881 3286 vinum
905 3225 1151 3300 corvertuntur,
1175 3218 1321 3308 perfecte
1363 3217 1526 3308 explicari

274 3302 408 3371 minime
431 3304 605 3388 credimus,
630 3306 677 3392 (id
701 3311 787 3376 euim
809 3308 945 3396 penitus
968 3309 1183 3396 impossibile,
1207 3314 1327 3397 utpote
1350 3307 1412 3374 soli
1428 3305 1524 3374 DEO

274 3392 592 3479 comprehensibile:
616 3395 704 3462 unde
728 3402 762 3462 et
786 3396 938 3464 inscitiae
961 3396 1057 3484 iuxta
1080 3419 1119 3464 ac
1141 3396 1325 3485 impietatis
1347 3398 1384 3462 in
1406 3401 1525 3462 notam

273 3482 424 3561 incurrit,
449 3483 598 3570 quisquis
621 3484 663 3549 ad
688 3484 787 3571 huius
810 3484 1069 3571 intelligentiam
1093 3485 1250 3573 Mysterii
1274 3507 1310 3551 se
1332 3507 1367 3552 se
1381 3483 1525 3552 arbitra-

273 3574 331 3635 tur
353 3571 569 3660 pervenisse),
593 3573 651 3637 sed
673 3576 769 3660 panis
792 3579 827 3640 et
851 3576 919 3639 vini
942 3574 1031 3639 facta
1054 3576 1309 3655 consecratione,
1345 3595 1410 3640 non
1432 3575 1527 3660 typi·

275 3679 356 3743 cam,
380 3679 445 3725 non
468 3658 647 3724 secundnm
670 3661 860 3747 imaginem,
885 3684 950 3728 non
997 3683 1074 3728 enea
1098 3661 1423 3748 superabundantem
1446 3681 1523 3748 gra-

274 3746 368 3825 tiam,
392 3768 457 3813 non
480 3767 540 3835 per
563 3751 833 3831 communionem,
857 3685 1042 3816 antedius
1075 3749 1261 3816 divinitatis
1283 3750 1444 3837 unigeniti
1468 3749 1525 3816 Fi·

274 3834 312 3899 lii
334 3833 416 3900 DEI
438 3835 681 3922 praesentiam
706 3844 742 3903 at
766 3839 799 3902 in
823 3859 942 3925 corpus
966 3845 1001 3904 et
1023 3839 1218 3924 sanguinem
1242 3838 1375 3904 Domini
1388 3858 1525 3904 conver-

275 3922 400 3990 si0nem
423 3921 616 4008 significari.
642 3923 708 3991 Sed
731 3948 791 3993 nec
810 3929 908 4014 panis
931 3932 966 3992 et
989 3926 1059 3991 vini
1082 3926 1235 3993 accidens
1258 3926 1372 4015 aliqua
1417 3931 1526 3992 muta-

274 4013 366 4077 tione
388 4009 616 4096 oonvertitur;
641 4013 699 4079 sed
722 4035 809 4095 vere,
855 4014 1056 4098 realiterque
1095 4037 1134 4081 ac
1168 4014 1440 4081 substantialiter
1481 4014 1526 4082 fit

276 4097 409 4188 quidem
431 4101 526 4189 panis
549 4121 665 4167 verum
685 4101 819 4168 Domini
842 4124 970 4190 corpus,
1002 4104 1116 4169 vinum
1151 4124 1231 4170 vero
1264 4105 1400 4190 sanguis
1439 4101 1522 4190 ejus,

275 4187 328 4253 uti
347 4187 417 4274 jam
440 4193 540 4254 antea
564 4186 770 4258 dictumest.
794 4190 947 4278 Denique
970 4194 1140 4274 neminem,
1165 4198 1300 4281 praeter
1330 4191 1421 4281 pium
1465 4190 1525 4257 Sa-

268 4274 443 4354 ¹cerdotem
465 4297 486 4341 a
507 4275 592 4364 pi01)
615 4278 731 4367 utique
753 4278 920 4368 Episcopo
944 4279 1099 4348 canonice
1145 4279 1301 4350 instituto
1347 4279 1525 4349 sacerdotii

352 4498 370 4569 ¹)
390 4498 533 4558 Observa:
552 4501 658 4571 Dogma
678 4499 848 4558 Catholicurn
870 4519 932 4556 esse
952 4503 1132 4559 Sacramenta
1150 4518 1241 4558 novae
1259 4503 1330 4572 legis
1348 4502 1442 4557 valida
1460 4515 1525 4557 esse

276 4579 303 4626 et
322 4572 446 4628 conferre
466 4572 583 4642 gratiam
602 4590 636 4627 ex
655 4589 738 4643 opere
759 4578 888 4644 operalo;
910 4575 973 4630 hinc
991 4576 1272 4647 perperamSynodus
1282 4573 1525 4629 schismaticorum

275 4643 446 4699 Jassinensis
466 4643 571 4699 addidit
589 4644 639 4700 illa
657 4645 743 4701 verba
759 4647 852 4716 „pium
872 4650 899 4701 et
918 4663 935 4701 a
953 4647 1034 4718 pio·‘;
1053 4649 1093 4703 ita
1113 4648 1187 4702 enim
1224 4647 1360 4715 loquitur:
1399 4645 1524 4712 Denique

276 4715 416 4772 neminem
436 4720 544 4786 praeter
563 4717 639 4788 pium
660 4717 838 4774 Sacerdotem
858 4735 874 4772 a
893 4719 938 4788 pio
958 4719 1050 4788 utique
1069 4721 1206 4791 Episcopo
1226 4719 1356 4776 canonice
1394 4717 1524 4773 instituto
