<?xml version="1.0" encoding="UTF-8"?>
<!DOCTYPE html PUBLIC "-//W3C//DTD XHTML 1.0 Transitional//EN"
    "http://www.w3.org/TR/xhtml1/DTD/xhtml1-transitional.dtd">
<html xmlns="http://www.w3.org/1999/xhtml" xml:lang="en" lang="en">
 <head>
  <title>
</title>
<meta http-equiv="Content-Type" content="text/html;charset=utf-8" />
  <meta name='ocr-system' content='tesseract 3.04.00' />
  <meta name='ocr-capabilities' content='ocr_page ocr_carea ocr_par ocr_line ocrx_word'/>
</head>
<body>
  <div class='ocr_page' id='page_1' title='image "./enchiridionjuri00pappgoog_0181.png"; bbox 0 0 3476 5366; ppageno 0'>
   <div class='ocr_carea' id='block_1_1' title="bbox 857 275 985 380">
    <p class='ocr_par' dir='ltr' id='par_1_1' title="bbox 857 275 985 380">
     <span class='ocr_line' id='line_1_1' title="bbox 857 275 985 380; baseline 0 -38"><span class='ocrx_word' id='word_1_1' title='bbox 857 275 985 380; x_wconf 48' lang='lat'><strong>¹59„-</strong></span> 
     </span>
    </p>
   </div>
   <div class='ocr_carea' id='block_1_2' title="bbox 785 373 899 380">
    <p class='ocr_par' dir='ltr' id='par_1_2' title="bbox 785 373 899 380">
     <span class='ocr_line' id='line_1_2' title="bbox 785 373 899 380; baseline 0 0"><span class='ocrx_word' id='word_1_2' title='bbox 785 373 899 380; x_wconf 73' lang='lat'><em>—...---</em></span> 
     </span>
    </p>
   </div>
   <div class='ocr_carea' id='block_1_3' title="bbox 262 493 1519 1906">
    <p class='ocr_par' dir='ltr' id='par_1_3' title="bbox 262 493 1519 1906">
     <span class='ocr_line' id='line_1_3' title="bbox 263 493 1511 585; baseline -0.004 -21"><span class='ocrx_word' id='word_1_3' title='bbox 263 498 399 566; x_wconf 88' lang='lat' dir='ltr'>secundi</span> <span class='ocrx_word' id='word_1_4' title='bbox 423 497 550 563; x_wconf 80' lang='lat' dir='ltr'>ordinis</span> <span class='ocrx_word' id='word_1_5' title='bbox 574 496 779 579; x_wconf 84' lang='lat' dir='ltr'>Sacerdotes,</span> <span class='ocrx_word' id='word_1_6' title='bbox 826 502 927 585; x_wconf 90' lang='lat' dir='ltr'>prout</span> <span class='ocrx_word' id='word_1_7' title='bbox 950 497 989 564; x_wconf 85' lang='lat' dir='ltr'>S.·</span> <span class='ocrx_word' id='word_1_8' title='bbox 1007 497 1159 566; x_wconf 81' lang='lat' dir='ltr'>Clemens</span> <span class='ocrx_word' id='word_1_9' title='bbox 1184 497 1353 562; x_wconf 85' lang='lat' dir='ltr'>Romanus</span> <span class='ocrx_word' id='word_1_10' title='bbox 1375 500 1407 561; x_wconf 90' lang='lat' dir='ltr'>in</span> <span class='ocrx_word' id='word_1_11' title='bbox 1432 493 1511 582; x_wconf 86' lang='lat' dir='ltr'>Epi·</span> 
     </span>
     <span class='ocr_line' id='line_1_4' title="bbox 263 583 1512 672; baseline -0.006 -18"><span class='ocrx_word' id='word_1_12' title='bbox 263 587 350 654; x_wconf 88' lang='lat' dir='ltr'>stola</span> <span class='ocrx_word' id='word_1_13' title='bbox 376 585 429 651; x_wconf 77' lang='lat' dir='ltr'>la</span> <span class='ocrx_word' id='word_1_14' title='bbox 453 584 495 651; x_wconf 88' lang='lat' dir='ltr'>ad</span> <span class='ocrx_word' id='word_1_15' title='bbox 519 584 711 652; x_wconf 78' lang='lat' dir='ltr'>Corinthios</span> <span class='ocrx_word' id='word_1_16' title='bbox 735 585 850 654; x_wconf 88' lang='lat' dir='ltr'>docet:</span> <span class='ocrx_word' id='word_1_17' title='bbox 879 585 1029 666; x_wconf 86' lang='lat' dir='ltr'>,Summo</span> <span class='ocrx_word' id='word_1_18' title='bbox 1066 584 1196 672; x_wconf 91' lang='lat' dir='ltr'>quidem</span> <span class='ocrx_word' id='word_1_19' title='bbox 1226 583 1398 650; x_wconf 86' lang='lat' dir='ltr'>Sacerdoti</span> <span class='ocrx_word' id='word_1_20' title='bbox 1421 583 1512 670; x_wconf 90' lang='lat' dir='ltr'>(Epi-</span> 
     </span>
     <span class='ocr_line' id='line_1_5' title="bbox 263 671 1512 764; baseline -0.003 -23"><span class='ocrx_word' id='word_1_21' title='bbox 263 676 373 764; x_wconf 83' lang='lat' dir='ltr'>scopo)</span> <span class='ocrx_word' id='word_1_22' title='bbox 397 673 519 762; x_wconf 84' lang='lat' dir='ltr'>inquit,</span> <span class='ocrx_word' id='word_1_23' title='bbox 544 695 603 739; x_wconf 89' lang='lat' dir='ltr'>sua</span> <span class='ocrx_word' id='word_1_24' title='bbox 628 674 747 740; x_wconf 88' lang='lat' dir='ltr'>munia·</span> <span class='ocrx_word' id='word_1_25' title='bbox 762 673 892 740; x_wconf 89' lang='lat' dir='ltr'>tributa</span> <span class='ocrx_word' id='word_1_26' title='bbox 916 679 1004 755; x_wconf 88' lang='lat' dir='ltr'>sunt,</span> <span class='ocrx_word' id='word_1_27' title='bbox 1031 680 1074 740; x_wconf 71' lang='lat' dir='ltr'>‚et</span> <span class='ocrx_word' id='word_1_28' title='bbox 1098 671 1332 739; x_wconf 77' lang='lat' dir='ltr'><strong>Sacerdotibus</strong></span> <span class='ocrx_word' id='word_1_29' title='bbox 1357 671 1512 760; x_wconf 91' lang='lat' dir='ltr'>(Presby-</span> 
     </span>
     <span class='ocr_line' id='line_1_6' title="bbox 262 760 1513 849; baseline -0.004 -20"><span class='ocrx_word' id='word_1_30' title='bbox 262 764 360 848; x_wconf 83' lang='lat' dir='ltr'>teris)</span> <span class='ocrx_word' id='word_1_31' title='bbox 383 762 477 828; x_wconf 90' lang='lat' dir='ltr'>locus</span> <span class='ocrx_word' id='word_1_32' title='bbox 500 760 656 849; x_wconf 88' lang='lat' dir='ltr'>proprius</span> <span class='ocrx_word' id='word_1_33' title='bbox 702 763 895 847; x_wconf 86' lang='lat' dir='ltr'>assignatus</span> <span class='ocrx_word' id='word_1_34' title='bbox 941 768 1004 841; x_wconf 92' lang='lat' dir='ltr'>est,</span> <span class='ocrx_word' id='word_1_35' title='bbox 1031 768 1063 827; x_wconf 90' lang='lat' dir='ltr'>et</span> <span class='ocrx_word' id='word_1_36' title='bbox 1087 760 1219 828; x_wconf 88' lang='lat' dir='ltr'>Levitis</span> <span class='ocrx_word' id='word_1_37' title='bbox 1247 760 1430 846; x_wconf 85' lang='lat' dir='ltr'>(Diaconis)</span> <span class='ocrx_word' id='word_1_38' title='bbox 1453 780 1513 825; x_wconf 91' lang='lat' dir='ltr'>sna</span> 
     </span>
     <span class='ocr_line' id='line_1_7' title="bbox 264 847 1514 940; baseline -0.004 -22"><span class='ocrx_word' id='word_1_39' title='bbox 264 853 375 918; x_wconf 89' lang='lat' dir='ltr'>munia</span> <span class='ocrx_word' id='word_1_40' title='bbox 399 849 625 916; x_wconf 71' lang='lat' dir='ltr'>incumbunt.‘</span> <span class='ocrx_word' id='word_1_41' title='bbox 654 848 798 928; x_wconf 83' lang='lat' dir='ltr'>Sanctus</span> <span class='ocrx_word' id='word_1_42' title='bbox 821 849 978 936; x_wconf 86' lang='lat' dir='ltr'>Ignatins</span> <span class='ocrx_word' id='word_1_43' title='bbox 1008 851 1141 940; x_wconf 88' lang='lat' dir='ltr'>Martyr</span> <span class='ocrx_word' id='word_1_44' title='bbox 1164 854 1276 915; x_wconf 91' lang='lat' dir='ltr'>autem</span> <span class='ocrx_word' id='word_1_45' title='bbox 1299 849 1335 914; x_wconf 89' lang='lat' dir='ltr'>in</span> <span class='ocrx_word' id='word_1_46' title='bbox 1356 847 1514 936; x_wconf 89' lang='lat' dir='ltr'>Epistola</span> 
     </span>
     <span class='ocr_line' id='line_1_8' title="bbox 264 935 1514 1026; baseline -0.003 -21"><span class='ocrx_word' id='word_1_47' title='bbox 264 939 306 1006; x_wconf 92' lang='lat' dir='ltr'>ad</span> <span class='ocrx_word' id='word_1_48' title='bbox 329 938 559 1026; x_wconf 87' lang='lat' dir='ltr'>Smyrnenses,</span> <span class='ocrx_word' id='word_1_49' title='bbox 584 936 657 1002; x_wconf 90' lang='lat' dir='ltr'>ait:</span> <span class='ocrx_word' id='word_1_50' title='bbox 708 936 847 1017; x_wconf 90' lang='lat' dir='ltr'>,Omnes</span> <span class='ocrx_word' id='word_1_51' title='bbox 878 936 1078 1026; x_wconf 80' lang='lat' dir='ltr'>Episcopum</span> <span class='ocrx_word' id='word_1_52' title='bbox 1126 936 1302 1021; x_wconf 82' lang='lat' dir='ltr'><strong>sequimini</strong></span> <span class='ocrx_word' id='word_1_53' title='bbox 1338 941 1378 1003; x_wconf 91' lang='lat' dir='ltr'>ut</span> <span class='ocrx_word' id='word_1_54' title='bbox 1412 935 1514 1003; x_wconf 86' lang='lat' dir='ltr'>Jesus</span> 
     </span>
     <span class='ocr_line' id='line_1_9' title="bbox 264 1023 1514 1114; baseline -0.005 -19"><span class='ocrx_word' id='word_1_55' title='bbox 264 1026 420 1095; x_wconf 77' lang='lat' dir='ltr'>Christus</span> <span class='ocrx_word' id='word_1_56' title='bbox 442 1025 588 1105; x_wconf 90' lang='lat' dir='ltr'>Patrem,</span> <span class='ocrx_word' id='word_1_57' title='bbox 614 1031 647 1090; x_wconf 89' lang='lat' dir='ltr'>et</span> <span class='ocrx_word' id='word_1_58' title='bbox 673 1024 928 1114; x_wconf 87' lang='lat' dir='ltr'>Presbyterium</span> <span class='ocrx_word' id='word_1_59' title='bbox 961 1031 1000 1091; x_wconf 89' lang='lat' dir='ltr'>nt</span> <span class='ocrx_word' id='word_1_60' title='bbox 1032 1023 1243 1113; x_wconf 56' lang='lat' dir='ltr'>Apostolos«</span> <span class='ocrx_word' id='word_1_61' title='bbox 1294 1024 1335 1090; x_wconf 85' lang='lat' dir='ltr'>ln</span> <span class='ocrx_word' id='word_1_62' title='bbox 1358 1023 1514 1112; x_wconf 73' lang='lat' dir='ltr'>Epistola</span> 
     </span>
     <span class='ocr_line' id='line_1_10' title="bbox 264 1112 1514 1204; baseline -0.004 -22"><span class='ocrx_word' id='word_1_63' title='bbox 264 1135 343 1182; x_wconf 87' lang='lat' dir='ltr'>vero</span> <span class='ocrx_word' id='word_1_64' title='bbox 366 1114 408 1181; x_wconf 90' lang='lat' dir='ltr'>ad</span> <span class='ocrx_word' id='word_1_65' title='bbox 432 1112 639 1182; x_wconf 80' lang='lat' dir='ltr'>Trallianos:</span> <span class='ocrx_word' id='word_1_66' title='bbox 669 1113 791 1193; x_wconf 79' lang='lat' dir='ltr'>,Decet</span> <span class='ocrx_word' id='word_1_67' title='bbox 815 1112 967 1204; x_wconf 85' lang='lat' dir='ltr'>singulos</span> <span class='ocrx_word' id='word_1_68' title='bbox 1005 1121 1156 1180; x_wconf 89' lang='lat' dir='ltr'>vestrum</span> <span class='ocrx_word' id='word_1_69' title='bbox 1179 1118 1214 1179; x_wconf 92' lang='lat' dir='ltr'>et</span> <span class='ocrx_word' id='word_1_70' title='bbox 1236 1112 1411 1200; x_wconf 87' lang='lat' dir='ltr'>praecipue</span> <span class='ocrx_word' id='word_1_71' title='bbox 1433 1113 1514 1178; x_wconf 90' lang='lat' dir='ltr'>Pre-</span> 
     </span>
     <span class='ocr_line' id='line_1_11' title="bbox 265 1199 1515 1291; baseline -0.004 -21"><span class='ocrx_word' id='word_1_72' title='bbox 265 1204 421 1291; x_wconf 89' lang='lat' dir='ltr'>sbyteros</span> <span class='ocrx_word' id='word_1_73' title='bbox 444 1199 633 1267; x_wconf 76' lang='lat' dir='ltr'>refocillare</span> <span class='ocrx_word' id='word_1_74' title='bbox 656 1201 875 1290; x_wconf 69' lang='lat' dir='ltr'>Episcopum‘</span> <span class='ocrx_word' id='word_1_75' title='bbox 897 1224 904 1288; x_wconf 83' lang='lat'>;</span> <span class='ocrx_word' id='word_1_76' title='bbox 928 1223 969 1267; x_wconf 90' lang='lat' dir='ltr'>ac</span> <span class='ocrx_word' id='word_1_77' title='bbox 993 1202 1134 1288; x_wconf 90' lang='lat' dir='ltr'>deniqne</span> <span class='ocrx_word' id='word_1_78' title='bbox 1148 1201 1181 1267; x_wconf 92' lang='lat' dir='ltr'>in</span> <span class='ocrx_word' id='word_1_79' title='bbox 1206 1200 1359 1289; x_wconf 80' lang='lat' dir='ltr'>Epistola</span> <span class='ocrx_word' id='word_1_80' title='bbox 1382 1200 1423 1267; x_wconf 87' lang='lat' dir='ltr'>ad</span> <span class='ocrx_word' id='word_1_81' title='bbox 1446 1200 1515 1266; x_wconf 88' lang='lat' dir='ltr'>Ma-</span> 
     </span>
     <span class='ocr_line' id='line_1_12' title="bbox 264 1288 1516 1379; baseline -0.002 -22"><span class='ocrx_word' id='word_1_82' title='bbox 264 1293 459 1379; x_wconf 86' lang='lat' dir='ltr'>gnesianos:</span> <span class='ocrx_word' id='word_1_83' title='bbox 489 1289 633 1370; x_wconf 85' lang='lat' dir='ltr'>,Hortor</span> <span class='ocrx_word' id='word_1_84' title='bbox 656 1289 776 1377; x_wconf 89' lang='lat' dir='ltr'>inquit,</span> <span class='ocrx_word' id='word_1_85' title='bbox 800 1296 840 1356; x_wconf 92' lang='lat' dir='ltr'>ut</span> <span class='ocrx_word' id='word_1_86' title='bbox 875 1290 936 1356; x_wconf 92' lang='lat' dir='ltr'>boc</span> <span class='ocrx_word' id='word_1_87' title='bbox 972 1290 1019 1356; x_wconf 91' lang='lat' dir='ltr'>sit</span> <span class='ocrx_word' id='word_1_88' title='bbox 1053 1295 1201 1358; x_wconf 86' lang='lat' dir='ltr'>vestrum</span> <span class='ocrx_word' id='word_1_89' title='bbox 1226 1288 1373 1356; x_wconf 90' lang='lat' dir='ltr'>studium</span> <span class='ocrx_word' id='word_1_90' title='bbox 1395 1288 1430 1354; x_wconf 92' lang='lat' dir='ltr'>in</span> <span class='ocrx_word' id='word_1_91' title='bbox 1450 1288 1516 1355; x_wconf 91' lang='lat' dir='ltr'>Dei</span> 
     </span>
     <span class='ocr_line' id='line_1_13' title="bbox 265 1376 1517 1469; baseline -0.003 -23"><span class='ocrx_word' id='word_1_92' title='bbox 265 1376 439 1446; x_wconf 89' lang='lat' dir='ltr'>concordia</span> <span class='ocrx_word' id='word_1_93' title='bbox 464 1376 572 1442; x_wconf 89' lang='lat' dir='ltr'>omnia</span> <span class='ocrx_word' id='word_1_94' title='bbox 593 1398 701 1463; x_wconf 86' lang='lat' dir='ltr'>agere,</span> <span class='ocrx_word' id='word_1_95' title='bbox 746 1377 912 1465; x_wconf 85' lang='lat' dir='ltr'>Episcopo</span> <span class='ocrx_word' id='word_1_96' title='bbox 959 1377 1169 1465; x_wconf 80' lang='lat' dir='ltr'>praesidente</span> <span class='ocrx_word' id='word_1_97' title='bbox 1198 1377 1263 1444; x_wconf 90' lang='lat' dir='ltr'>Dei</span> <span class='ocrx_word' id='word_1_98' title='bbox 1285 1377 1356 1469; x_wconf 83' lang='lat' dir='ltr'>loco</span> <span class='ocrx_word' id='word_1_99' title='bbox 1380 1383 1415 1444; x_wconf 91' lang='lat' dir='ltr'>et</span> <span class='ocrx_word' id='word_1_100' title='bbox 1437 1376 1517 1444; x_wconf 88' lang='lat' dir='ltr'>Pre-</span> 
     </span>
     <span class='ocr_line' id='line_1_14' title="bbox 265 1463 1517 1555; baseline -0.002 -21"><span class='ocrx_word' id='word_1_101' title='bbox 265 1466 414 1555; x_wconf 89' lang='lat' dir='ltr'>sbyteris</span> <span class='ocrx_word' id='word_1_102' title='bbox 439 1464 510 1531; x_wconf 90' lang='lat' dir='ltr'>loco</span> <span class='ocrx_word' id='word_1_103' title='bbox 534 1472 670 1530; x_wconf 88' lang='lat' dir='ltr'>senatus</span> <span class='ocrx_word' id='word_1_104' title='bbox 692 1465 896 1553; x_wconf 67' lang='lat' dir='ltr'>apostolici.t</span> <span class='ocrx_word' id='word_1_105' title='bbox 923 1466 977 1532; x_wconf 80' lang='lat' dir='ltr'>Ex</span> <span class='ocrx_word' id='word_1_106' title='bbox 999 1465 1051 1532; x_wconf 92' lang='lat' dir='ltr'>his</span> <span class='ocrx_word' id='word_1_107' title='bbox 1075 1471 1171 1553; x_wconf 89' lang='lat' dir='ltr'>patet</span> <span class='ocrx_word' id='word_1_108' title='bbox 1194 1463 1417 1554; x_wconf 88' lang='lat' dir='ltr'>Presbyteros</span> <span class='ocrx_word' id='word_1_109' title='bbox 1442 1486 1517 1531; x_wconf 86' lang='lat' dir='ltr'>esse</span> 
     </span>
     <span class='ocr_line' id='line_1_15' title="bbox 264 1551 1517 1642; baseline 0 -23"><span class='ocrx_word' id='word_1_110' title='bbox 264 1558 298 1620; x_wconf 91' lang='lat' dir='ltr'>in</span> <span class='ocrx_word' id='word_1_111' title='bbox 322 1553 524 1641; x_wconf 87' lang='lat' dir='ltr'>adjutorium</span> <span class='ocrx_word' id='word_1_112' title='bbox 548 1551 733 1642; x_wconf 90' lang='lat' dir='ltr'>Episcopis,</span> <span class='ocrx_word' id='word_1_113' title='bbox 758 1553 846 1620; x_wconf 89' lang='lat' dir='ltr'>sieut</span> <span class='ocrx_word' id='word_1_114' title='bbox 869 1554 921 1620; x_wconf 82' lang='lat'>70.</span> <span class='ocrx_word' id='word_1_115' title='bbox 936 1553 1091 1640; x_wconf 91' lang='lat' dir='ltr'>discipuli</span> <span class='ocrx_word' id='word_1_116' title='bbox 1116 1553 1260 1635; x_wconf 88' lang='lat' dir='ltr'>Domini,</span> <span class='ocrx_word' id='word_1_117' title='bbox 1274 1575 1412 1642; x_wconf 89' lang='lat' dir='ltr'>quorum</span> <span class='ocrx_word' id='word_1_118' title='bbox 1435 1553 1517 1619; x_wconf 88' lang='lat' dir='ltr'>Pre-</span> 
     </span>
     <span class='ocr_line' id='line_1_16' title="bbox 265 1640 1518 1730; baseline -0.001 -23"><span class='ocrx_word' id='word_1_119' title='bbox 265 1643 394 1730; x_wconf 85' lang='lat' dir='ltr'>sbyteri</span> <span class='ocrx_word' id='word_1_120' title='bbox 418 1663 622 1707; x_wconf 88' lang='lat' dir='ltr'>successores</span> <span class='ocrx_word' id='word_1_121' title='bbox 646 1647 734 1721; x_wconf 90' lang='lat' dir='ltr'>sunt,</span> <span class='ocrx_word' id='word_1_122' title='bbox 748 1643 986 1728; x_wconf 76' lang='lat' dir='ltr'>Apostolorum</span> <span class='ocrx_word' id='word_1_123' title='bbox 1001 1643 1172 1729; x_wconf 89' lang='lat' dir='ltr'>adjutores</span> <span class='ocrx_word' id='word_1_124' title='bbox 1183 1647 1307 1727; x_wconf 73' lang='lat' dir='ltr'>erant,</span> <span class='ocrx_word' id='word_1_125' title='bbox 1332 1641 1364 1707; x_wconf 83' lang='lat' dir='ltr'>S.</span> <span class='ocrx_word' id='word_1_126' title='bbox 1389 1640 1518 1708; x_wconf 91' lang='lat' dir='ltr'>Paulus</span> 
     </span>
     <span class='ocr_line' id='line_1_17' title="bbox 264 1728 1519 1831; baseline -0.002 -34"><span class='ocrx_word' id='word_1_127' title='bbox 264 1728 301 1797; x_wconf 91' lang='lat' dir='ltr'>in</span> <span class='ocrx_word' id='word_1_128' title='bbox 322 1729 477 1831; x_wconf 86' lang='lat' dir='ltr'>Epistola</span> <span class='ocrx_word' id='word_1_129' title='bbox 501 1729 543 1795; x_wconf 89' lang='lat' dir='ltr'>ad</span> <span class='ocrx_word' id='word_1_130' title='bbox 577 1729 692 1795; x_wconf 80' lang='lat' dir='ltr'>Titum</span> <span class='ocrx_word' id='word_1_131' title='bbox 721 1729 855 1795; x_wconf 86' lang='lat' dir='ltr'>scribit:</span> <span class='ocrx_word' id='word_1_132' title='bbox 887 1731 1072 1817; x_wconf 87' lang='lat' dir='ltr'>Propterea</span> <span class='ocrx_word' id='word_1_133' title='bbox 1105 1729 1226 1818; x_wconf 86' lang='lat' dir='ltr'>reliqui</span> <span class='ocrx_word' id='word_1_134' title='bbox 1254 1736 1288 1797; x_wconf 93' lang='lat' dir='ltr'>te</span> <span class='ocrx_word' id='word_1_135' title='bbox 1324 1728 1453 1810; x_wconf 81' lang='lat' dir='ltr'>Cretae,</span> <span class='ocrx_word' id='word_1_136' title='bbox 1476 1734 1519 1794; x_wconf 92' lang='lat' dir='ltr'>ut</span> 
     </span>
     <span class='ocr_line' id='line_1_18' title="bbox 266 1816 1009 1906; baseline -0.003 -20"><span class='ocrx_word' id='word_1_137' title='bbox 266 1825 454 1886; x_wconf 80' lang='lat' dir='ltr'>constituas</span> <span class='ocrx_word' id='word_1_138' title='bbox 476 1839 535 1906; x_wconf 91' lang='lat' dir='ltr'>per</span> <span class='ocrx_word' id='word_1_139' title='bbox 560 1817 716 1884; x_wconf 85' lang='lat' dir='ltr'>civitates</span> <span class='ocrx_word' id='word_1_140' title='bbox 750 1816 1009 1906; x_wconf 88' lang='lat' dir='ltr'>Presbyteros.¹)</span> 
     </span>
    </p>
   </div>
   <div class='ocr_carea' id='block_1_4' title="bbox 313 2015 1413 2123">
    <p class='ocr_par' dir='ltr' id='par_1_4' title="bbox 313 2015 1413 2123">
     <span class='ocr_line' id='line_1_19' title="bbox 313 2015 1413 2123; baseline -0.005 -23"><span class='ocrx_word' id='word_1_141' title='bbox 313 2021 322 2039; x_wconf 85' lang='lat'><em>&#39;</em></span> <span class='ocrx_word' id='word_1_142' title='bbox 392 2020 427 2113; x_wconf 63' lang='grc' dir='ltr'>ἓ.</span> <span class='ocrx_word' id='word_1_143' title='bbox 460 2016 553 2099; x_wconf 83' lang='grc'><strong>144.</strong></span> <span class='ocrx_word' id='word_1_144' title='bbox 581 2017 644 2097; x_wconf 89' lang='lat' dir='ltr'>De</span> <span class='ocrx_word' id='word_1_145' title='bbox 668 2015 771 2123; x_wconf 74' lang='lat' dir='ltr'>Jnrc</span> <span class='ocrx_word' id='word_1_146' title='bbox 799 2017 1163 2122; x_wconf 88' lang='lat' dir='ltr'>Presbyterorum</span> <span class='ocrx_word' id='word_1_147' title='bbox 1191 2015 1413 2099; x_wconf 81' lang='lat' dir='ltr'>docendi·</span> 
     </span>
    </p>
   </div>
   <div class='ocr_carea' id='block_1_5' title="bbox 262 2161 1519 2668">
    <p class='ocr_par' dir='ltr' id='par_1_5' title="bbox 262 2161 1519 2668">
     <span class='ocr_line' id='line_1_20' title="bbox 361 2161 1519 2251; baseline 0 -23"><span class='ocrx_word' id='word_1_148' title='bbox 361 2162 569 2250; x_wconf 88' lang='lat' dir='ltr'>Interpretes</span> <span class='ocrx_word' id='word_1_149' title='bbox 592 2162 761 2229; x_wconf 84' lang='lat' dir='ltr'>Ganonnm</span> <span class='ocrx_word' id='word_1_150' title='bbox 797 2162 967 2230; x_wconf 85' lang='lat' dir='ltr'>Ecclesiae</span> <span class='ocrx_word' id='word_1_151' title='bbox 999 2162 1172 2230; x_wconf 89' lang='lat' dir='ltr'>orientalis</span> <span class='ocrx_word' id='word_1_152' title='bbox 1199 2163 1255 2251; x_wconf 86' lang='lat' dir='ltr'>jus</span> <span class='ocrx_word' id='word_1_153' title='bbox 1278 2161 1414 2229; x_wconf 85' lang='lat' dir='ltr'>docendi</span> <span class='ocrx_word' id='word_1_154' title='bbox 1438 2161 1519 2250; x_wconf 87' lang='lat' dir='ltr'>Epi-</span> 
     </span>
     <span class='ocr_line' id='line_1_21' title="bbox 262 2249 1517 2338; baseline -0.001 -23"><span class='ocrx_word' id='word_1_155' title='bbox 262 2272 439 2336; x_wconf 86' lang='lat' dir='ltr'>·scopornm</span> <span class='ocrx_word' id='word_1_156' title='bbox 475 2249 645 2338; x_wconf 89' lang='lat' dir='ltr'>proprium</span> <span class='ocrx_word' id='word_1_157' title='bbox 675 2273 746 2316; x_wconf 88' lang='lat' dir='ltr'>esse</span> <span class='ocrx_word' id='word_1_158' title='bbox 783 2251 974 2332; x_wconf 88' lang='lat' dir='ltr'>adstruunt,</span> <span class='ocrx_word' id='word_1_159' title='bbox 1006 2251 1056 2317; x_wconf 89' lang='lat' dir='ltr'>ita</span> <span class='ocrx_word' id='word_1_160' title='bbox 1089 2250 1267 2317; x_wconf 89' lang='lat' dir='ltr'>Balsamon</span> <span class='ocrx_word' id='word_1_161' title='bbox 1291 2251 1326 2317; x_wconf 91' lang='lat' dir='ltr'>in</span> <span class='ocrx_word' id='word_1_162' title='bbox 1350 2250 1517 2319; x_wconf 83' lang='lat' dir='ltr'>Cononem</span> 
     </span>
     <span class='ocr_line' id='line_1_22' title="bbox 265 2337 1518 2426; baseline -0.002 -22"><span class='ocrx_word' id='word_1_163' title='bbox 265 2338 362 2404; x_wconf 83' lang='lat' dir='ltr'>XIX.</span> <span class='ocrx_word' id='word_1_164' title='bbox 388 2338 529 2406; x_wconf 82' lang='lat' dir='ltr'>Consilii</span> <span class='ocrx_word' id='word_1_165' title='bbox 554 2337 723 2406; x_wconf 80' lang='lat' dir='ltr'>Trullani:</span> <span class='ocrx_word' id='word_1_166' title='bbox 755 2339 862 2420; x_wconf 83' lang='lat' dir='ltr'>,Nota</span> <span class='ocrx_word' id='word_1_167' title='bbox 886 2340 995 2426; x_wconf 90' lang='lat' dir='ltr'>iuquit</span> <span class='ocrx_word' id='word_1_168' title='bbox 1033 2363 1072 2406; x_wconf 87' lang='lat' dir='ltr'>ex</span> <span class='ocrx_word' id='word_1_169' title='bbox 1102 2339 1163 2406; x_wconf 93' lang='lat' dir='ltr'>hoc</span> <span class='ocrx_word' id='word_1_170' title='bbox 1186 2337 1440 2426; x_wconf 82' lang='lat' dir='ltr'>Oenone,.qnod</span> <span class='ocrx_word' id='word_1_171' title='bbox 1463 2337 1518 2403; x_wconf 94' lang='lat' dir='ltr'>do-</span> 
     </span>
     <span class='ocr_line' id='line_1_23' title="bbox 265 2426 1519 2668; baseline 0 -88"><span class='ocrx_word' id='word_1_172' title='bbox 265 2448 339 2668; x_wconf 62' lang='lat' dir='ltr'>{ii</span> <span class='ocrx_word' id='word_1_173' title='bbox 347 2426 817 2583; x_wconf 56' lang='lat' dir='ltr'>tt⁰tttttltttt⁰⁰tt</span> <span class='ocrx_word' id='word_1_174' title='bbox 841 2427 1253 2604; x_wconf 56' lang='lat' dir='ltr'>diliis0iiiim1liinl³</span> <span class='ocrx_word' id='word_1_175' title='bbox 1252 2449 1274 2554; x_wconf 54' lang='lat' dir='ltr'>-a</span> <span class='ocrx_word' id='word_1_176' title='bbox 1276 2427 1519 2603; x_wconf 54' lang='lat' dir='ltr'>liiiioiiit</span> 
     </span>
    </p>

    <p class='ocr_par' dir='ltr' id='par_1_6' title="bbox 724 2565 1301 2596">
     <span class='ocr_line' id='line_1_24' title="bbox 724 2565 1301 2596; baseline 0.01 -6"><span class='ocrx_word' id='word_1_177' title='bbox 724 2565 730 2579; x_wconf 92' lang='lat'>·</span> <span class='ocrx_word' id='word_1_178' title='bbox 817 2565 823 2580; x_wconf 94' lang='lat'><strong>·</strong></span> <span class='ocrx_word' id='word_1_179' title='bbox 1252 2565 1259 2580; x_wconf 93' lang='lat'><strong>·</strong></span> <span class='ocrx_word' id='word_1_180' title='bbox 1288 2565 1301 2596; x_wconf 81' lang='lat' dir='ltr'>a</span> 
     </span>
    </p>
   </div>
   <div class='ocr_carea' id='block_1_6' title="bbox 265 2601 1518 4446">
    <p class='ocr_par' dir='ltr' id='par_1_7' title="bbox 265 2601 1517 3376">
     <span class='ocr_line' id='line_1_25' title="bbox 290 2601 1517 2690; baseline 0 -23"><span class='ocrx_word' id='word_1_181' title='bbox 290 2602 415 2689; x_wconf 81' lang='lat' dir='ltr'>ignitas</span> <span class='ocrx_word' id='word_1_182' title='bbox 437 2602 472 2668; x_wconf 87' lang='lat' dir='ltr'>in</span> <span class='ocrx_word' id='word_1_183' title='bbox 496 2601 641 2668; x_wconf 90' lang='lat' dir='ltr'>docendo</span> <span class='ocrx_word' id='word_1_184' title='bbox 665 2603 840 2687; x_wconf 89' lang='lat' dir='ltr'>consistit;</span> <span class='ocrx_word' id='word_1_185' title='bbox 866 2609 900 2668; x_wconf 91' lang='lat' dir='ltr'>et</span> <span class='ocrx_word' id='word_1_186' title='bbox 924 2605 1029 2669; x_wconf 89' lang='lat' dir='ltr'>omnis</span> <span class='ocrx_word' id='word_1_187' title='bbox 1063 2604 1248 2690; x_wconf 87' lang='lat' dir='ltr'>Episcopus</span> <span class='ocrx_word' id='word_1_188' title='bbox 1277 2603 1376 2670; x_wconf 90' lang='lat' dir='ltr'>debet</span> <span class='ocrx_word' id='word_1_189' title='bbox 1398 2602 1517 2668; x_wconf 86' lang='lat' dir='ltr'>docere</span> 
     </span>
     <span class='ocr_line' id='line_1_26' title="bbox 265 2689 1515 2779; baseline -0.002 -22"><span class='ocrx_word' id='word_1_190' title='bbox 265 2690 424 2778; x_wconf 88' lang='lat' dir='ltr'>populum</span> <span class='ocrx_word' id='word_1_191' title='bbox 449 2689 504 2778; x_wconf 90' lang='lat' dir='ltr'>pia</span> <span class='ocrx_word' id='word_1_192' title='bbox 528 2689 684 2777; x_wconf 86' lang='lat' dir='ltr'>dogmata</span> <span class='ocrx_word' id='word_1_193' title='bbox 708 2698 743 2755; x_wconf 90' lang='lat' dir='ltr'>et</span> <span class='ocrx_word' id='word_1_194' title='bbox 765 2697 890 2774; x_wconf 81' lang='lat' dir='ltr'>statum</span> <span class='ocrx_word' id='word_1_195' title='bbox 915 2691 1182 2758; x_wconf 85' lang='lat' dir='ltr'>orthodoxorum.</span> <span class='ocrx_word' id='word_1_196' title='bbox 1209 2691 1408 2779; x_wconf 87' lang='lat' dir='ltr'>Speculator</span> <span class='ocrx_word' id='word_1_197' title='bbox 1425 2689 1515 2756; x_wconf 89' lang='lat' dir='ltr'>enim</span> 
     </span>
     <span class='ocr_line' id='line_1_27' title="bbox 266 2777 1517 2868; baseline -0.001 -25"><span class='ocrx_word' id='word_1_198' title='bbox 266 2779 338 2844; x_wconf 90' lang='lat' dir='ltr'>ideo</span> <span class='ocrx_word' id='word_1_199' title='bbox 362 2777 590 2857; x_wconf 87' lang='lat' dir='ltr'>constituitur,</span> <span class='ocrx_word' id='word_1_200' title='bbox 614 2783 653 2844; x_wconf 90' lang='lat' dir='ltr'>ut</span> <span class='ocrx_word' id='word_1_201' title='bbox 676 2800 761 2866; x_wconf 88' lang='lat' dir='ltr'>qnae</span> <span class='ocrx_word' id='word_1_202' title='bbox 783 2779 835 2844; x_wconf 90' lang='lat' dir='ltr'>sui</span> <span class='ocrx_word' id='word_1_203' title='bbox 859 2785 938 2844; x_wconf 89' lang='lat' dir='ltr'>sunt</span> <span class='ocrx_word' id='word_1_204' title='bbox 959 2780 1074 2868; x_wconf 89' lang='lat' dir='ltr'>populi</span> <span class='ocrx_word' id='word_1_205' title='bbox 1090 2779 1265 2863; x_wconf 81' lang='lat' dir='ltr'>attendat3</span> <span class='ocrx_word' id='word_1_206' title='bbox 1288 2786 1324 2847; x_wconf 92' lang='lat' dir='ltr'>et</span> <span class='ocrx_word' id='word_1_207' title='bbox 1346 2777 1421 2846; x_wconf 91' lang='lat' dir='ltr'>ideo</span> <span class='ocrx_word' id='word_1_208' title='bbox 1437 2777 1517 2866; x_wconf 89' lang='lat' dir='ltr'>Epi·</span> 
     </span>
     <span class='ocr_line' id='line_1_28' title="bbox 267 2865 1517 2954; baseline -0.002 -21"><span class='ocrx_word' id='word_1_209' title='bbox 267 2887 385 2954; x_wconf 91' lang='lat' dir='ltr'>scopus</span> <span class='ocrx_word' id='word_1_210' title='bbox 409 2869 461 2932; x_wconf 89' lang='lat' dir='ltr'>est</span> <span class='ocrx_word' id='word_1_211' title='bbox 484 2865 660 2953; x_wconf 88' lang='lat' dir='ltr'>apellatus.</span> <span class='ocrx_word' id='word_1_212' title='bbox 701 2867 804 2932; x_wconf 88' lang='lat' dir='ltr'>Porro</span> <span class='ocrx_word' id='word_1_213' title='bbox 834 2874 946 2932; x_wconf 89' lang='lat' dir='ltr'>autem</span> <span class='ocrx_word' id='word_1_214' title='bbox 977 2868 1078 2934; x_wconf 91' lang='lat' dir='ltr'>etiam</span> <span class='ocrx_word' id='word_1_215' title='bbox 1115 2869 1311 2954; x_wconf 88' lang='lat' dir='ltr'>Presbyteri</span> <span class='ocrx_word' id='word_1_216' title='bbox 1333 2866 1421 2934; x_wconf 90' lang='lat' dir='ltr'>tales</span> <span class='ocrx_word' id='word_1_217' title='bbox 1444 2887 1517 2932; x_wconf 88' lang='lat' dir='ltr'>esse</span> 
     </span>
     <span class='ocr_line' id='line_1_29' title="bbox 267 2953 1517 3043; baseline 0.001 -25"><span class='ocrx_word' id='word_1_218' title='bbox 267 2955 397 3034; x_wconf 89' lang='lat' dir='ltr'>debent,</span> <span class='ocrx_word' id='word_1_219' title='bbox 421 2953 500 3040; x_wconf 90' lang='lat' dir='ltr'>quia</span> <span class='ocrx_word' id='word_1_220' title='bbox 522 2953 623 3019; x_wconf 88' lang='lat' dir='ltr'>ctiam</span> <span class='ocrx_word' id='word_1_221' title='bbox 647 2975 746 3041; x_wconf 88' lang='lat' dir='ltr'>penes</span> <span class='ocrx_word' id='word_1_222' title='bbox 780 2954 963 3042; x_wconf 84' lang='lat' dir='ltr'>Episcopus</span> <span class='ocrx_word' id='word_1_223' title='bbox 998 2955 1116 3022; x_wconf 90' lang='lat' dir='ltr'>sedent</span> <span class='ocrx_word' id='word_1_224' title='bbox 1150 2957 1184 3021; x_wconf 93' lang='lat' dir='ltr'>in</span> <span class='ocrx_word' id='word_1_225' title='bbox 1217 2956 1440 3043; x_wconf 89' lang='lat' dir='ltr'>superioribus</span> <span class='ocrx_word' id='word_1_226' title='bbox 1464 2975 1517 3020; x_wconf 87' lang='lat' dir='ltr'>ca·</span> 
     </span>
     <span class='ocr_line' id='line_1_30' title="bbox 266 3041 1517 3128; baseline -0.001 -21"><span class='ocrx_word' id='word_1_227' title='bbox 266 3041 405 3108; x_wconf 89' lang='lat' dir='ltr'>thedris.</span> <span class='ocrx_word' id='word_1_228' title='bbox 429 3041 614 3128; x_wconf 87' lang='lat' dir='ltr'>Episcopus</span> <span class='ocrx_word' id='word_1_229' title='bbox 637 3043 719 3128; x_wconf 84' lang='lat' dir='ltr'>ergo</span> <span class='ocrx_word' id='word_1_230' title='bbox 747 3047 782 3108; x_wconf 90' lang='lat' dir='ltr'>et</span> <span class='ocrx_word' id='word_1_231' title='bbox 813 3041 982 3123; x_wconf 83' lang='lat' dir='ltr'>Sacerdos,</span> <span class='ocrx_word' id='word_1_232' title='bbox 1014 3044 1071 3128; x_wconf 83' lang='lat' dir='ltr'>qui</span> <span class='ocrx_word' id='word_1_233' title='bbox 1103 3066 1167 3109; x_wconf 89' lang='lat' dir='ltr'>nou</span> <span class='ocrx_word' id='word_1_234' title='bbox 1192 3045 1240 3109; x_wconf 90' lang='lat' dir='ltr'>sic</span> <span class='ocrx_word' id='word_1_235' title='bbox 1262 3044 1354 3123; x_wconf 86' lang='lat' dir='ltr'>facit,</span> <span class='ocrx_word' id='word_1_236' title='bbox 1380 3042 1437 3109; x_wconf 89' lang='lat' dir='ltr'>sed</span> <span class='ocrx_word' id='word_1_237' title='bbox 1460 3063 1517 3107; x_wconf 91' lang='lat' dir='ltr'>ne·</span> 
     </span>
     <span class='ocr_line' id='line_1_31' title="bbox 266 3129 1516 3218; baseline 0.002 -24"><span class='ocrx_word' id='word_1_238' title='bbox 266 3129 435 3215; x_wconf 84' lang='lat' dir='ltr'>gligenter</span> <span class='ocrx_word' id='word_1_239' title='bbox 458 3136 510 3195; x_wconf 89' lang='lat' dir='ltr'>est</span> <span class='ocrx_word' id='word_1_240' title='bbox 533 3129 683 3210; x_wconf 80' lang='lat' dir='ltr'>aflectus,</span> <span class='ocrx_word' id='word_1_241' title='bbox 708 3135 923 3216; x_wconf 85' lang='lat' dir='ltr'>segregatnr3</span> <span class='ocrx_word' id='word_1_242' title='bbox 947 3133 998 3196; x_wconf 89' lang='lat' dir='ltr'>sin</span> <span class='ocrx_word' id='word_1_243' title='bbox 1033 3138 1145 3198; x_wconf 89' lang='lat' dir='ltr'>autem</span> <span class='ocrx_word' id='word_1_244' title='bbox 1175 3130 1211 3196; x_wconf 91' lang='lat' dir='ltr'>in</span> <span class='ocrx_word' id='word_1_245' title='bbox 1234 3129 1385 3200; x_wconf 91' lang='lat' dir='ltr'>socordia</span> <span class='ocrx_word' id='word_1_246' title='bbox 1407 3151 1516 3218; x_wconf 90' lang='lat' dir='ltr'>perse-</span> 
     </span>
     <span class='ocr_line' id='line_1_32' title="bbox 268 3215 1517 3309; baseline 0.002 -27"><span class='ocrx_word' id='word_1_247' title='bbox 268 3223 371 3298; x_wconf 90' lang='lat' dir='ltr'>veret,</span> <span class='ocrx_word' id='word_1_248' title='bbox 395 3216 582 3305; x_wconf 88' lang='lat' dir='ltr'>deponitur.</span> <span class='ocrx_word' id='word_1_249' title='bbox 607 3215 803 3304; x_wconf 84' lang='lat' dir='ltr'>Presbyteri</span> <span class='ocrx_word' id='word_1_250' title='bbox 835 3219 921 3284; x_wconf 90' lang='lat' dir='ltr'>enim</span> <span class='ocrx_word' id='word_1_251' title='bbox 954 3220 1133 3286; x_wconf 90' lang='lat' dir='ltr'>secundum</span> <span class='ocrx_word' id='word_1_252' title='bbox 1166 3219 1384 3309; x_wconf 87' lang='lat' dir='ltr'>episcopalem</span> <span class='ocrx_word' id='word_1_253' title='bbox 1407 3217 1517 3285; x_wconf 90' lang='lat' dir='ltr'>admo·</span> 
     </span>
     <span class='ocr_line' id='line_1_33' title="bbox 267 3306 990 3376; baseline 0.003 -6"><span class='ocrx_word' id='word_1_254' title='bbox 267 3306 428 3373; x_wconf 77' lang='lat' dir='ltr'>ditionem</span> <span class='ocrx_word' id='word_1_255' title='bbox 452 3312 486 3372; x_wconf 90' lang='lat' dir='ltr'>et</span> <span class='ocrx_word' id='word_1_256' title='bbox 509 3327 575 3371; x_wconf 91' lang='lat' dir='ltr'>non</span> <span class='ocrx_word' id='word_1_257' title='bbox 598 3327 657 3372; x_wconf 89' lang='lat' dir='ltr'>sno</span> <span class='ocrx_word' id='word_1_258' title='bbox 680 3307 818 3374; x_wconf 89' lang='lat' dir='ltr'>arbitrio</span> <span class='ocrx_word' id='word_1_259' title='bbox 843 3307 990 3376; x_wconf 69' lang='lat' dir='ltr'>docent&lt;&lt;</span> 
     </span>
    </p>

    <p class='ocr_par' dir='ltr' id='par_1_8' title="bbox 267 3392 1518 4446">
     <span class='ocr_line' id='line_1_34' title="bbox 364 3392 1518 3483; baseline 0.001 -25"><span class='ocrx_word' id='word_1_260' title='bbox 364 3392 461 3476; x_wconf 75' lang='lat' dir='ltr'>Quod</span> <span class='ocrx_word' id='word_1_261' title='bbox 485 3399 595 3460; x_wconf 88' lang='lat' dir='ltr'>autem</span> <span class='ocrx_word' id='word_1_262' title='bbox 619 3416 712 3460; x_wconf 89' lang='lat' dir='ltr'>secus</span> <span class='ocrx_word' id='word_1_263' title='bbox 735 3393 882 3480; x_wconf 86' lang='lat' dir='ltr'>intelligi</span> <span class='ocrx_word' id='word_1_264' title='bbox 905 3417 971 3461; x_wconf 90' lang='lat' dir='ltr'>non</span> <span class='ocrx_word' id='word_1_265' title='bbox 995 3402 1116 3483; x_wconf 88' lang='lat' dir='ltr'>potest,</span> <span class='ocrx_word' id='word_1_266' title='bbox 1135 3394 1303 3483; x_wconf 90' lang='lat' dir='ltr'>nisiqnod</span> <span class='ocrx_word' id='word_1_267' title='bbox 1318 3393 1518 3480; x_wconf 85' lang='lat' dir='ltr'>Presbyteri</span> 
     </span>
     <span class='ocr_line' id='line_1_35' title="bbox 267 3481 1516 3573; baseline 0 -27"><span class='ocrx_word' id='word_1_268' title='bbox 267 3481 300 3546; x_wconf 92' lang='lat' dir='ltr'>in</span> <span class='ocrx_word' id='word_1_269' title='bbox 324 3483 363 3546; x_wconf 92' lang='lat' dir='ltr'>iis</span> <span class='ocrx_word' id='word_1_270' title='bbox 386 3503 524 3569; x_wconf 88' lang='lat' dir='ltr'>quoqne,</span> <span class='ocrx_word' id='word_1_271' title='bbox 549 3503 633 3570; x_wconf 89' lang='lat' dir='ltr'>qnae</span> <span class='ocrx_word' id='word_1_272' title='bbox 655 3482 781 3570; x_wconf 90' lang='lat' dir='ltr'>proprii</span> <span class='ocrx_word' id='word_1_273' title='bbox 816 3482 943 3549; x_wconf 88' lang='lat' dir='ltr'>ordinis</span> <span class='ocrx_word' id='word_1_274' title='bbox 974 3489 1062 3565; x_wconf 90' lang='lat' dir='ltr'>sunt,</span> <span class='ocrx_word' id='word_1_275' title='bbox 1093 3484 1269 3573; x_wconf 89' lang='lat' dir='ltr'>Episcopis</span> <span class='ocrx_word' id='word_1_276' title='bbox 1303 3481 1516 3549; x_wconf 89' lang='lat' dir='ltr'>subordinati</span> 
     </span>
     <span class='ocr_line' id='line_1_36' title="bbox 267 3567 1517 3659; baseline 0.001 -24"><span class='ocrx_word' id='word_1_277' title='bbox 267 3567 337 3635; x_wconf 88' lang='lat' dir='ltr'>sint</span> <span class='ocrx_word' id='word_1_278' title='bbox 360 3590 377 3636; x_wconf 87' lang='lat' dir='ltr'>e</span> <span class='ocrx_word' id='word_1_279' title='bbox 400 3571 538 3650; x_wconf 85' lang='lat' dir='ltr'>ratione,</span> <span class='ocrx_word' id='word_1_280' title='bbox 563 3571 718 3654; x_wconf 88' lang='lat' dir='ltr'>quoniam</span> <span class='ocrx_word' id='word_1_281' title='bbox 746 3592 825 3637; x_wconf 91' lang='lat' dir='ltr'>cura</span> <span class='ocrx_word' id='word_1_282' title='bbox 859 3571 1043 3638; x_wconf 89' lang='lat' dir='ltr'>animarum</span> <span class='ocrx_word' id='word_1_283' title='bbox 1076 3572 1306 3659; x_wconf 89' lang='lat' dir='ltr'>principaliter</span> <span class='ocrx_word' id='word_1_284' title='bbox 1343 3569 1517 3658; x_wconf 90' lang='lat' dir='ltr'>Episcopis</span> 
     </span>
     <span class='ocr_line' id='line_1_37' title="bbox 268 3655 1517 3746; baseline 0.001 -23"><span class='ocrx_word' id='word_1_285' title='bbox 268 3655 458 3724; x_wconf 87' lang='lat' dir='ltr'>concredita</span> <span class='ocrx_word' id='word_1_286' title='bbox 482 3666 542 3736; x_wconf 90' lang='lat' dir='ltr'>est,</span> <span class='ocrx_word' id='word_1_287' title='bbox 567 3658 608 3724; x_wconf 90' lang='lat' dir='ltr'>de</span> <span class='ocrx_word' id='word_1_288' title='bbox 632 3659 856 3725; x_wconf 82' lang='lat' dir='ltr'>sanationem</span> <span class='ocrx_word' id='word_1_289' title='bbox 891 3659 1074 3726; x_wconf 89' lang='lat' dir='ltr'>reddituris</span> <span class='ocrx_word' id='word_1_290' title='bbox 1110 3659 1205 3746; x_wconf 78' lang='lat' dir='ltr'>juxta</span> <span class='ocrx_word' id='word_1_291' title='bbox 1237 3659 1403 3726; x_wconf 84' lang='lat' dir='ltr'>Ganonem</span> <span class='ocrx_word' id='word_1_292' title='bbox 1425 3659 1517 3745; x_wconf 89' lang='lat' dir='ltr'>Apo·</span> 
     </span>
     <span class='ocr_line' id='line_1_38' title="bbox 268 3743 1516 3834; baseline 0.002 -25"><span class='ocrx_word' id='word_1_293' title='bbox 268 3744 429 3811; x_wconf 91' lang='lat' dir='ltr'>stolorum</span> <span class='ocrx_word' id='word_1_294' title='bbox 453 3743 505 3810; x_wconf 89' lang='grc'>39.</span> <span class='ocrx_word' id='word_1_295' title='bbox 538 3749 573 3811; x_wconf 90' lang='lat' dir='ltr'>et</span> <span class='ocrx_word' id='word_1_296' title='bbox 595 3746 775 3812; x_wconf 87' lang='lat' dir='ltr'>subnexam</span> <span class='ocrx_word' id='word_1_297' title='bbox 802 3747 1115 3834; x_wconf 87' lang='lat' dir='ltr'>interpretationem</span> <span class='ocrx_word' id='word_1_298' title='bbox 1133 3750 1169 3830; x_wconf 73' lang='grc'>2).</span> <span class='ocrx_word' id='word_1_299' title='bbox 1203 3747 1290 3815; x_wconf 89' lang='lat' dir='ltr'>Nam</span> <span class='ocrx_word' id='word_1_300' title='bbox 1327 3745 1516 3834; x_wconf 88' lang='lat' dir='ltr'>Episcopus</span> 
     </span>
     <span class='ocr_line' id='line_1_39' title="bbox 268 3832 1518 3920; baseline 0 -23"><span class='ocrx_word' id='word_1_301' title='bbox 268 3835 302 3897; x_wconf 95' lang='lat' dir='ltr'>in</span> <span class='ocrx_word' id='word_1_302' title='bbox 325 3832 534 3899; x_wconf 90' lang='lat' dir='ltr'>ordinatione</span> <span class='ocrx_word' id='word_1_303' title='bbox 557 3833 753 3920; x_wconf 89' lang='lat' dir='ltr'>Presbyteri</span> <span class='ocrx_word' id='word_1_304' title='bbox 777 3835 877 3901; x_wconf 90' lang='lat' dir='ltr'>etiam</span> <span class='ocrx_word' id='word_1_305' title='bbox 901 3857 1019 3901; x_wconf 91' lang='lat' dir='ltr'>munus</span> <span class='ocrx_word' id='word_1_306' title='bbox 1052 3835 1190 3902; x_wconf 91' lang='lat' dir='ltr'>docendi</span> <span class='ocrx_word' id='word_1_307' title='bbox 1225 3835 1352 3902; x_wconf 85' lang='lat' dir='ltr'>confert</span> <span class='ocrx_word' id='word_1_308' title='bbox 1375 3833 1518 3919; x_wconf 90' lang='lat' dir='ltr'>Presby-</span> 
     </span>
     <span class='ocr_line' id='line_1_40' title="bbox 268 3919 1517 4008; baseline 0 -23"><span class='ocrx_word' id='word_1_309' title='bbox 268 3927 351 4000; x_wconf 90' lang='lat' dir='ltr'>tero,</span> <span class='ocrx_word' id='word_1_310' title='bbox 384 3928 577 4004; x_wconf 89' lang='lat' dir='ltr'>sequentem</span> <span class='ocrx_word' id='word_1_311' title='bbox 610 3921 786 3988; x_wconf 91' lang='lat' dir='ltr'>formulam</span> <span class='ocrx_word' id='word_1_312' title='bbox 824 3922 1084 4008; x_wconf 88' lang='lat' dir='ltr'>deprecatoriam</span> <span class='ocrx_word' id='word_1_313' title='bbox 1119 3922 1392 3989; x_wconf 88' lang='lat' dir='ltr'>sacramentalem</span> <span class='ocrx_word' id='word_1_314' title='bbox 1424 3919 1517 3986; x_wconf 91' lang='lat' dir='ltr'>adhi-</span> 
     </span>
     <span class='ocr_line' id='line_1_41' title="bbox 269 4008 1517 4096; baseline 0.002 -22"><span class='ocrx_word' id='word_1_315' title='bbox 269 4008 400 4075; x_wconf 89' lang='lat' dir='ltr'>bendo:</span> <span class='ocrx_word' id='word_1_316' title='bbox 429 4008 538 4087; x_wconf 78' lang='lat' dir='ltr'>,Deus</span> <span class='ocrx_word' id='word_1_317' title='bbox 562 4009 597 4074; x_wconf 93' lang='lat' dir='ltr'>in</span> <span class='ocrx_word' id='word_1_318' title='bbox 630 4009 759 4076; x_wconf 88' lang='lat' dir='ltr'>virtute</span> <span class='ocrx_word' id='word_1_319' title='bbox 791 4032 940 4096; x_wconf 83' lang='lat' dir='ltr'>magnus,</span> <span class='ocrx_word' id='word_1_320' title='bbox 978 4011 1141 4077; x_wconf 89' lang='lat' dir='ltr'>mirabilis</span> <span class='ocrx_word' id='word_1_321' title='bbox 1174 4010 1208 4076; x_wconf 90' lang='lat' dir='ltr'>iu</span> <span class='ocrx_word' id='word_1_322' title='bbox 1245 4009 1392 4078; x_wconf 90' lang='lat' dir='ltr'>consiliis</span> <span class='ocrx_word' id='word_1_323' title='bbox 1415 4031 1517 4095; x_wconf 86' lang='lat' dir='ltr'>super</span> 
     </span>
     <span class='ocr_line' id='line_1_42' title="bbox 268 4095 1518 4187; baseline 0 -25"><span class='ocrx_word' id='word_1_324' title='bbox 268 4095 356 4162; x_wconf 90' lang='lat' dir='ltr'>filios</span> <span class='ocrx_word' id='word_1_325' title='bbox 380 4096 566 4182; x_wconf 88' lang='lat' dir='ltr'>bominum;</span> <span class='ocrx_word' id='word_1_326' title='bbox 590 4099 659 4186; x_wconf 87' lang='lat' dir='ltr'>ipse</span> <span class='ocrx_word' id='word_1_327' title='bbox 682 4097 822 4166; x_wconf 89' lang='lat' dir='ltr'>Domine</span> <span class='ocrx_word' id='word_1_328' title='bbox 846 4098 946 4163; x_wconf 91' lang='lat' dir='ltr'>etiam</span> <span class='ocrx_word' id='word_1_329' title='bbox 970 4106 1004 4165; x_wconf 90' lang='lat' dir='ltr'>et</span> <span class='ocrx_word' id='word_1_330' title='bbox 1027 4099 1141 4180; x_wconf 88' lang='lat' dir='ltr'>istum,</span> <span class='ocrx_word' id='word_1_331' title='bbox 1166 4121 1261 4187; x_wconf 90' lang='lat' dir='ltr'>quem</span> <span class='ocrx_word' id='word_1_332' title='bbox 1284 4098 1348 4166; x_wconf 89' lang='lat' dir='ltr'>tibi</span> <span class='ocrx_word' id='word_1_333' title='bbox 1372 4097 1518 4184; x_wconf 89' lang='lat' dir='ltr'>Presby-</span> 
     </span>
     <span class='ocr_line' id='line_1_43' title="bbox 269 4183 1515 4275; baseline 0.002 -26"><span class='ocrx_word' id='word_1_334' title='bbox 269 4186 331 4250; x_wconf 90' lang='lat' dir='ltr'>teri</span> <span class='ocrx_word' id='word_1_335' title='bbox 355 4183 495 4269; x_wconf 85' lang='lat' dir='ltr'>gradum</span> <span class='ocrx_word' id='word_1_336' title='bbox 518 4186 629 4252; x_wconf 88' lang='lat' dir='ltr'>subire</span> <span class='ocrx_word' id='word_1_337' title='bbox 653 4185 863 4272; x_wconf 90' lang='lat' dir='ltr'>complacuit,</span> <span class='ocrx_word' id='word_1_338' title='bbox 889 4185 974 4251; x_wconf 91' lang='lat' dir='ltr'>dono</span> <span class='ocrx_word' id='word_1_339' title='bbox 998 4187 1106 4253; x_wconf 88' lang='lat' dir='ltr'>sancti</span> <span class='ocrx_word' id='word_1_340' title='bbox 1129 4189 1181 4254; x_wconf 90' lang='lat' dir='ltr'>tui</span> <span class='ocrx_word' id='word_1_341' title='bbox 1204 4185 1345 4275; x_wconf 90' lang='lat' dir='ltr'>spiritus</span> <span class='ocrx_word' id='word_1_342' title='bbox 1360 4184 1515 4272; x_wconf 87' lang='lat' dir='ltr'>adimple,</span> 
     </span>
     <span class='ocr_line' id='line_1_44' title="bbox 268 4271 1518 4362; baseline 0.001 -25"><span class='ocrx_word' id='word_1_343' title='bbox 268 4280 309 4338; x_wconf 89' lang='lat' dir='ltr'>ut</span> <span class='ocrx_word' id='word_1_344' title='bbox 331 4271 500 4359; x_wconf 89' lang='lat' dir='ltr'>inculpate</span> <span class='ocrx_word' id='word_1_345' title='bbox 523 4280 637 4340; x_wconf 89' lang='lat' dir='ltr'>sancto</span> <span class='ocrx_word' id='word_1_346' title='bbox 662 4281 719 4340; x_wconf 90' lang='lat' dir='ltr'>tuo</span> <span class='ocrx_word' id='word_1_347' title='bbox 755 4273 856 4339; x_wconf 90' lang='lat' dir='ltr'>altari</span> <span class='ocrx_word' id='word_1_348' title='bbox 892 4273 1055 4341; x_wconf 88' lang='lat' dir='ltr'>adsistere</span> <span class='ocrx_word' id='word_1_349' title='bbox 1088 4275 1209 4362; x_wconf 85' lang='lat' dir='ltr'>dignus</span> <span class='ocrx_word' id='word_1_350' title='bbox 1243 4274 1314 4354; x_wconf 89' lang='lat' dir='ltr'>fiat,</span> <span class='ocrx_word' id='word_1_351' title='bbox 1346 4272 1441 4360; x_wconf 87' lang='lat' dir='ltr'>regni</span> <span class='ocrx_word' id='word_1_352' title='bbox 1465 4276 1518 4340; x_wconf 92' lang='lat' dir='ltr'>tui</span> 
     </span>
     <span class='ocr_line' id='line_1_45' title="bbox 270 4359 1517 4446; baseline 0.002 -20"><span class='ocrx_word' id='word_1_353' title='bbox 270 4360 477 4446; x_wconf 82' lang='lat' dir='ltr'>evangelium</span> <span class='ocrx_word' id='word_1_354' title='bbox 501 4364 709 4442; x_wconf 88' lang='lat' dir='ltr'>annunciare,</span> <span class='ocrx_word' id='word_1_355' title='bbox 735 4361 889 4428; x_wconf 87' lang='lat' dir='ltr'>veritatis</span> <span class='ocrx_word' id='word_1_356' title='bbox 913 4370 990 4429; x_wconf 90' lang='lat' dir='ltr'>tuae</span> <span class='ocrx_word' id='word_1_357' title='bbox 1015 4364 1152 4430; x_wconf 88' lang='lat' dir='ltr'>verbum</span> <span class='ocrx_word' id='word_1_358' title='bbox 1187 4362 1405 4440; x_wconf 89' lang='lat' dir='ltr'>sanctificare,</span> <span class='ocrx_word' id='word_1_359' title='bbox 1430 4359 1517 4429; x_wconf 87' lang='lat' dir='ltr'>dona</span> 
     </span>
    </p>
   </div>
   <div class='ocr_carea' id='block_1_7' title="bbox 344 4557 1381 4702">
    <p class='ocr_par' dir='ltr' id='par_1_9' title="bbox 344 4557 1381 4702">
     <span class='ocr_line' id='line_1_46' title="bbox 346 4557 702 4639; baseline -0.008 -24"><span class='ocrx_word' id='word_1_360' title='bbox 346 4558 364 4627; x_wconf 85' lang='lat'>¹)</span> <span class='ocrx_word' id='word_1_361' title='bbox 385 4557 499 4639; x_wconf 81' lang='lat' dir='ltr'>Confer.¹</span> <span class='ocrx_word' id='word_1_362' title='bbox 513 4574 598 4628; x_wconf 88' lang='lat' dir='ltr'>supra</span> <span class='ocrx_word' id='word_1_363' title='bbox 616 4560 639 4627; x_wconf 66' lang='grc' dir='ltr'>ξ.</span> <span class='ocrx_word' id='word_1_364' title='bbox 662 4559 702 4612; x_wconf 81' lang='grc'>13.</span> 
     </span>
     <span class='ocr_line' id='line_1_47' title="bbox 344 4629 1381 4702; baseline -0.005 -16"><span class='ocrx_word' id='word_1_365' title='bbox 344 4632 363 4702; x_wconf 76' lang='lat'>²)</span> <span class='ocrx_word' id='word_1_366' title='bbox 383 4631 451 4686; x_wconf 87' lang='lat' dir='ltr'>Vide</span> <span class='ocrx_word' id='word_1_367' title='bbox 471 4632 595 4685; x_wconf 76' lang='lat' dir='ltr'>Palation</span> <span class='ocrx_word' id='word_1_368' title='bbox 616 4631 807 4701; x_wconf 84' lang='lat' dir='ltr'>interpretatio</span> <span class='ocrx_word' id='word_1_369' title='bbox 825 4631 859 4684; x_wconf 90' lang='lat' dir='ltr'>ad</span> <span class='ocrx_word' id='word_1_370' title='bbox 881 4630 1020 4686; x_wconf 70' lang='lat' dir='ltr'>Callonem</span> <span class='ocrx_word' id='word_1_371' title='bbox 1049 4632 1091 4686; x_wconf 74' lang='grc'>39.</span> <span class='ocrx_word' id='word_1_372' title='bbox 1110 4633 1157 4685; x_wconf 86' lang='lat' dir='ltr'>SS.</span> <span class='ocrx_word' id='word_1_373' title='bbox 1178 4629 1381 4699; x_wconf 86' lang='lat' dir='ltr'>Apostolorum.</span> 
     </span>
    </p>
   </div>
   <div class='ocr_carea' id='block_1_8' title="bbox 0 0 1750 5364">
    <p class='ocr_par' dir='ltr' id='par_1_10' title="bbox 0 0 1750 5364">
     <span class='ocr_line' id='line_1_48' title="bbox 0 0 1750 5364; baseline 0 0"><span class='ocrx_word' id='word_1_374' title='bbox 0 0 1750 5364; x_wconf 95' lang='lat' dir='ltr'> </span> 
     </span>
    </p>
   </div>
  </div>
 </body>
</html>
