3426 5368
890 399 954 464 356

307 617 510 688 tractatione
532 621 708 684 revocatae
728 617 914 705 petitionis.
938 617 1077 684 Lectum
1102 621 1192 685 recte
1218 617 1402 699 inventum,
1428 619 1566 686 conclu·
1705 601 1706 676 f

307 711 438 774 sumet
467 705 702 793 subscriptum.

349 817 392 885 N.
417 813 459 882 N.
484 814 738 882 Commissarius
761 813 971 904 Episcopalis
1180 812 1350 902 Josephue
1374 813 1518 881 Koszte.

329 906 392 974 ’Ν.
417 903 459 972 N.
485 901 725 970 Protocoilista
1175 901 1281 968 Meris
1304 901 1417 990 Nagy.

307 992 518 1081 (Kutschker
536 1011 613 1080 pag.
637 990 727 1076 816.)

306 1169 345 1256 Ε)
368 1167 585 1239 Protocoiiun
609 1168 649 1237 de
672 1165 936 1237 contrectatione
948 1166 1080 1237 testium
1104 1166 1134 1236 in
1159 1184 1262 1236 causa
1285 1165 1446 1236 divertisti
1474 1169 1510 1237 Ν.
1531 1169 1564 1238 ii.

548 1279 582 1347 et
606 1277 639 1345 ii.
666 1276 699 1346 u.
723 1294 764 1345 ex
788 1276 895 1360 rapite
920 1276 953 1345 ii.
977 1276 1053 1346 idio
1077 1277 1108 1346 5.
1132 1275 1200 1345 iulii
1225 1275 1315 1345 1859.

400 1431 620 1519 Assumptum
658 1450 716 1517 per
750 1428 792 1496 N.
815 1429 857 1497 N.
894 1428 1165 1497 Commissarinm
1202 1429 1435 1520 inquisitorem
1460 1430 1558 1498 Prec-

304 1524 427 1585 sentes.

348 1607 390 1675 Ν.
415 1606 457 1674 N.
481 1604 746 1674 commissarius.

305 1758 306 1766 ,
348 1695 390 1763 Ν.
414 1694 457 1763 Ν.
481 1692 733 1760 Protocoiiista.

400 1784 492 1851 Ante
516 1781 627 1848 omnia
649 1781 791 1848 reflexus
815 1791 863 1848 est
886 1779 986 1848 testis
1010 1781 1052 1848 ad
1076 1781 1222 1849 officium
1235 1780 1441 1864 veracitatis,
1460 1781 1560 1851 dein.

401 1871 435 1957 1)
459 1871 620 1939 Noscitne
657 1869 756 1936 testis
788 1868 874 1936 hunc
905 1869 1007 1937 elium
1038 1870 1094 1936 hic
1116 1875 1324 1958 praesentem
1348 1870 1500 1939 testem?
1525 1871 1559 1952 2)

304 1957 356 2025 Tu
378 1958 557 2026 sessionem
582 1957 729 2024 elicuisti
764 1956 873 2042 quoad
907 1959 1191 2025 circumstantiam
1214 1959 1268 2026 vel
1292 1958 1419 2027 iactum
1442 1960 1486 2028 Ν.
1511 1982 1561 2026 re·

304 2045 492 2113 cordarisne
515 2044 641 2134 quam?
665 2045 825 2134 proferes.
851 2046 1048 2134 (Repetitur
1070 2068 1130 2136 per
1152 2053 1274 2114 testem
1287 2047 1416 2134 fassio.)
1441 2048 1476 2134 3)
1498 2047 1560 2114 Te·

304 2136 366 2201 stis
410 2136 453 2222 Β)
488 2133 665 2202 Audivisti
699 2155 787 2199 nunc
819 2156 859 2199 ex
893 2156 949 2201 cre
982 2135 1080 2203 testis
1110 2137 1156 2221 A)
1181 2134 1261 2219 quid
1293 2136 1395 2203 habes
1417 2135 1461 2202 ad
1486 2135 1560 2224 ejus

303 2222 479 2290 tassionem
504 2221 775 2290 observandum?
799 2221 1088 2307 (Observationem
1112 2226 1292 2311 enunciet.)
1315 2226 1349 2310 4)
1373 2223 1489 2291 'Pestis
1513 2227 1558 2310 A)

303 2317 338 2378 et
360 2311 440 2399 quid
464 2315 504 2377 tu
527 2310 660 2398 reponis
695 2312 738 2376 ad
772 2309 857 2377 hene
892 2311 1190 2379 enunciationem?
1223 2312 1433 2401 Responsum
1467 2335 1500 2379 v.
1524 2337 1558 2400 g.

303 2397 473 2487 Siquidem
496 2421 538 2466 ne
560 2399 754 2466 sinceritate
777 2399 876 2465 testis
899 2399 941 2485 B)
966 2398 1121 2468 dubitare
1136 2422 1201 2467 non
1238 2401 1346 2482 ossim,
1371 2422 1433 2487 ego
1457 2400 1558 2468 debui

301 2489 336 2552 in
360 2509 472 2554 errore
494 2487 635 2566 versari,
661 2492 695 2552 et
717 2485 828 2573 reipsa
851 2485 949 2554 hodie
983 2489 1124 2577 primum
1148 2423 1302 2575 inteiligo
1325 2487 1380 2556 vel
1403 2510 1444 2554 ex
1469 2489 1559 2556 erior

300 2573 364 2642 hoc
395 2575 449 2642 vei
490 2575 561 2656 hoo,
601 2574 690 2641 unde
724 2597 785 2659 ego
820 2574 920 2640 fec-ile
957 2597 1069 2643 errare
1103 2577 1209 2665 potui.
1229 2575 1354 2644 'Testis
1375 2578 1421 2662 A)
1483 2576 1557 2645 .N.

301 2686 342 2729 m.
367 2688 398 2753 p.
424 2663 459 2751 5)
484 2662 596 2729 Testis
619 2662 662 2748 Β)
685 2662 840 2729 Habesne
864 2662 972 2730 adhuc
995 2664 1122 2755 aliquid
1155 2663 1423 2733 observandum?
1470 2665 1558 2732 nihil

300 2754 442 2841 emplius
465 2751 570 2819 habeo
594 2749 777 2817 dicendum.
798 2749 910 2816 'Pestis
933 2752 975 2837 Β)
999 2753 1041 2821 Ν.
1066 2754 1108 2821 Ν.
1134 2777 1175 2820 m.
1199 2777 1231 2841 p.

387 2839 575 2907 Perlectum
599 2845 634 2904 et
657 2844 747 2904 recte
770 2845 986 2926 assumptum,
1028 2842 1264 2930 subscriptum,
1289 2846 1389 2929 atque
1411 2845 1558 2929 uterque

300 2929 399 2997 testis
423 2930 543 3018 quiete,
567 2926 787 3013 singulariter
809 2931 921 2992 autem
935 2928 1033 2994 testis
1056 2931 1099 3016 B)
1124 2930 1343 2998 determinate
1365 2931 1480 3021 fassus
1493 2937 1556 3000 eet.

342 3037 386 3106 Ν.
409 3038 452 3106 Ν.
477 3035 735 3106 commissarius
765 3035 955 3125 inquisitor.

342 3125 385 3194 N.
408 3127 450 3195 Ν.
475 3125 715 3195 Protccoilista
972 3126 1035 3212 (cf.
1061 3127 1253 3196 Kutschker
1276 3128 1314 3195 Τ.
1339 3128 1380 3199 V.
1403 3153 1435 3218 p.
1460 3131 1554 3218 824.)

438 3303 475 3389 F)
499 3307 647 3376 formula
670 3301 845 3374 Proioeoiii
868 3320 967 3389 super
986 3305 1189 3391 inquisitione
1212 3306 1410 3393 probatoria.

815 3480 1046 3546 Protccollum.

394 3641 613 3727 Assumptum
650 3635 739 3724 apud
785 3634 1087 3704 Commissarietum
1133 3637 1349 3725 episcopalem
1383 3637 1419 3705 in
1458 3629 1553 3708 Loco

297 3723 340 3795 N.
365 3729 394 3794 3.
419 3726 507 3794 Juiii
540 3725 634 3791 1850.
1405 3745 1407 3752 ’

775 3902 1073 3969 Praesentes

363 4056 405 4124 N.
430 4055 683 4124 commissarius
708 4055 807 4145 episc.
970 4055 1118 4142 Jcsepha
1152 4054 1252 4137 Haid,
1277 4056 1400 4124 Actrix
1422 4067 1458 4125 et
1489 4057 1553 4126 Te·

363 4145 403 4211 N.
427 4143 570 4212 Juratus
593 4144 841 4213 Protocollista.
923 4152 994 4212 stes
1040 4144 1144 4228 ejus:
1190 4144 1359 4232 Josephus
1409 4145 1550 4233 Berger,

921 4231 1070 4300 ioannes
1092 4230 1188 4313 Veri,
1219 4232 1421 4301 Franciecue
1444 4233 1547 4318 Larb,

922 4321 1087 4407 Georgius
1103 4319 1198 4388 Stein
1212 4327 1247 4388 et
1264 4321 1407 4390 Michael
1418 4321 1549 4390 Brend-

922 4431 1108 4563 ImNiecriiael
1152 4496 1243 4564 Haid
1256 4548 1264 4580 ,
1318 4497 1548 4567 ROcnventus

920 4590 1021 4674 atque
1043 4585 1144 4675 hujus
1159 4591 1272 4654 testes.
1285 4586 1434 4654 Jacobus
1458 4585 1550 4655 Seii·

921 4695 989 4756 ner,
1035 4671 1235 4744 Franciscus
1271 4675 1412 4759 Gruber,
1436 4675 1549 4746 Adeo·

917 4761 1016 4829 datiis
1041 4759 1157 4845 Ernst,

297 4056 338 4123 N.

296 4144 338 4212 N.
