3476 5366
188 615 363 704 Principes
385 614 522 703 loquar3
546 613 625 681 dum
658 617 758 682 istam
795 615 902 716 legem
918 617 952 700 ¹),
987 613 1059 682 Deo
1092 611 1295 680 contrariam
1326 633 1433 679 cerno.

188 702 280 770 Data
302 707 356 770 est
377 703 474 770 vohis
497 724 517 768 a
539 702 630 770 coelo
651 708 802 791 potestas
833 725 868 770 m
900 723 1012 771 omnes
1041 700 1200 781 homines,
1223 703 1265 768 ut
1287 719 1354 780 cos,
1377 698 1433 787 qui

188 790 269 857 boni
290 812 365 858 esss
385 791 525 879 cupiunt
547 788 726 877 adjuvetis,
750 797 785 857 et
807 789 856 858 sic
877 810 1016 876 regnum
1038 795 1208 856 terrenum
1231 787 1275 854 sd
1297 808 1436 874 regnum

188 877 358 946 coelorum
380 878 468 946 viam
491 886 595 967 paret.
617 878 683 945 Per
704 878 858 946 Judicem
880 877 1066 972 terribilem
1103 877 1255 945 obtestor
1276 881 1312 942 te
1335 876 1440 942 latam

188 965 299 1055 legem
320 965 407 1036 hanc
429 973 547 1050 mutes,
569 966 625 1035 vel
659 967 818 1056 mitiges‘

681 1161 830 1276 torol
866 1160 942 1271 lll.

186 1344 261 1420 DE
286 1343 557 1424 LIMITIBUS
583 1344 902 1423 POTESTATIS
918 1341 1356 1422 EOOLESIASTIOAE
1368 1339 1437 1417 AO

241 1469 432 1548 CIVILIS
460 1470 615 1548 OIROA
640 1469 907 1549 PERSONAS
945 1467 1388 1547 ECOLESIASTIOAS.

186 1664 225 1758 ξ.
257 1661 352 1744 185.
400 1663 619 1745 Personae
658 1663 991 1763 ecclesiasticae,
1026 1625 1330 1769 Jurisdictioni
1379 1680 1441 1740 ec·

442 1788 727 1888 clesiastioae,
764 1791 809 1871 et
836 1790 960 1872 civili
986 1789 1187 1872 subsunt.

287 1933 454 2002 Personae
477 1936 721 2003 ecclesiasticae
744 1943 825 2002 sunt
856 1935 1007 2005 Ministri
1037 1934 1219 2014 Ecclesiae,
1260 1954 1326 2000 una
1359 1953 1438 1998 vero

184 2027 271 2088 ¹assitit
294 2021 395 2088 etiam
419 2023 519 2090 cives.
543 2023 618 2107 Qua
658 2023 808 2091 Ministri
831 2023 1002 2093 Ecclesiae
1024 2025 1131 2091 relato
1146 2022 1189 2088 ad
1213 2019 1436 2087 ministerium

186 2109 573 2198 spirituale,functi0nes
596 2134 765 2179 sacrorum
788 2112 951 2193 ordinum,
982 2112 1109 2180 cultum
1133 2110 1284 2176 divinum
1300 2114 1438 2175 etoccu·

187 2197 348 2286 pationes
370 2199 456 2266 circa
496 2200 681 2266 animarum
715 2221 837 2281 curam,
878 2207 979 2288 atquc
1013 2201 1197 2286 generatim
1228 2195 1439 2284 disciplinam

186 2285 376 2353 clericalem
397 2287 623 2374 jurisdictioni
645 2288 910 2356 ecclesiastieae:
933 2291 969 2356 in
993 2294 1155 2375 quantum
1177 2306 1257 2352 vcro
1293 2284 1440 2351 membra

184 2379 271 2440 sunt
293 2381 406 2441 status
429 2377 538 2443 civilis
562 2399 620 2442 seu
643 2380 741 2457 cives,
763 2375 991 2464 jurisdictioni
1014 2375 1107 2444 civili
1130 2376 1284 2452 subsunt,
1308 2372 1359 2438 ita
1390 2376 1439 2437 ta·

184 2483 266 2529 men
287 2473 325 2615 up
348 2463 536 2532 eorumdem
560 2464 754 2545 auctoritas,
777 2469 888 2532 status
911 2463 1077 2533 clericalis
1100 2462 1215 2543 honor,
1246 2466 1282 2527 et
1303 2458 1439 2549 privile·

185 2550 248 2639 gia
271 2571 311 2616 sa
325 2572 369 2618 va
392 2552 471 2620 sint.

185 2731 225 2828 ἓ.
259 2727 353 2811 186.
381 2728 639 2812 Jmisdictio
667 2729 887 2812 Ecclesiae
912 2729 961 2812 in
993 2753 1203 2834 personas
1239 2725 1441 2811 ecclesia·

744 2855 890 2940 sdcas.

287 3000 437 3070 Ecclesia
458 3001 592 3092 propria
614 3001 741 3089 gaudet
760 3002 993 3086 jurisdictione
1015 3003 1051 3070 in
1074 3023 1243 3070 sacrorum
1265 2999 1443 3067 Ministrcs

184 3089 299 3180 quoad
323 3111 441 3156 munus
464 3111 576 3157 corum
599 3091 867 3178 ecclesiasticum,
890 3090 964 3158 ideo
988 3091 1022 3178 1)
1042 3113 1099 3159 eos
1133 3089 1176 3157 ad
1209 3088 1439 3155 Ministerinm

183 3198 321 3245 sacrum
344 3177 488 3259 ordinat,
512 3178 547 3267 2)
572 3199 684 3246 eorum
708 3177 895 3246 functiones
940 3180 1150 3258 determinat,
1174 3177 1210 3267 3)
1236 3176 1371 3244 eosdem
1405 3178 1439 3240 in

183 3265 311 3332 officiis
333 3265 403 3331 suis
424 3288 485 3354 per
506 3266 656 3334 Oenones
679 3267 806 3355 dirigit,
829 3268 865 3355 4)
886 3268 929 3334 iis
951 3267 1108 3348 intendit,
1132 3287 1188 3334 eos
1208 3263 1351 3352 judicat,
1372 3284 1441 3330 cor-

182 3355 274 3442 rigit
297 3359 332 3418 et
352 3357 491 3441 punio).

286 3441 440 3508 Historia
461 3441 594 3526 quidem
617 3441 842 3510 ecclesiastica
865 3443 1000 3510 exbibet
1022 3440 1181 3544 exempla,
1207 3440 1297 3526 quod
1309 3437 1442 3518 Clerici,

182 3530 257 3596 imo
279 3527 434 3618 Episcopi
479 3551 587 3618 uoqus
609 3532 651 3598 ab
674 3529 866 3616 illegalibus
898 3529 1044 3618 Synodis
1083 3533 1114 3596 in
1131 3529 1240 3595 uriam
1276 3527 1366 3618 passi
1398 3525 1442 3592 ad

181 3618 430 3772 protectionem
451 3551 695 3706 imperatorum
718 3618 941 3705 confugerint,
964 3619 1015 3685 ita
1038 3617 1071 3686 S.
1106 3553 1176 3686 dar
1203 3623 1370 3683 sostomus
1403 3612 1440 3680 in

209 3702 325 3792 ynodo
346 3705 526 3791 illegitima
548 3704 591 3772 ad
615 3706 779 3790 Quorsum
803 3707 991 3787 damnatus,
1015 3707 1059 3773 ad
1081 3640 1267 3776 Arcadium
1289 3704 1435 3793 Impera·

182 3801 308 3874 torem,
331 3791 364 3860 S.
389 3793 597 3860 Athanasius
620 3797 654 3860 in
677 3793 811 3882 Synodo
841 3797 968 3884 pariter
990 3793 1166 3881 illegitima
1190 3792 1296 3882 Tyria
1318 3791 1444 3880 injuste

183 3881 377 3961 damnatus,
400 3881 442 3947 ad
460 3881 717 3951 Constantinum
750 3881 990 3970 Imperatorem
1025 3889 1125 3950 ctcet.
1155 3880 1281 3950 Verum
1317 3877 1441 3948 similia

182 3967 342 4057 exempla
364 3975 480 4036 contra
500 3969 769 4058 jurisdictionem
793 3971 962 4039 Ecclesiae
973 3972 1009 4039 in
1021 3991 1182 4061 personas
1194 3967 1438 4038 ecclesiasticas

180 4078 230 4147 pe
293 4056 746 4138 ramadferuntur,aliudest
768 4061 855 4125 euim
877 4061 1086 4149 personalem
1096 4058 1314 4126 securitatem
1323 4059 1440 4122 contra

183 4143 383 4212 vicentiam
406 4153 519 4234 petere
542 4145 584 4213 ab
608 4145 825 4235 Imperatore,
848 4154 884 4215 ct
906 4147 1001 4216 aliud
1023 4168 1156 4214 causam
1180 4142 1440 4214 ecclesiasticam

182 4231 313 4324 judicio
335 4232 553 4388 Iuffisratoris
577 4235 783 4316 submittere,
807 4237 896 4324 quod
909 4236 946 4303 in
959 4235 1114 4304 adductis
1133 4231 1293 4323 exemplis
1311 4230 1441 4297 iactum

183 4342 257 4390 non
280 4327 342 4388 est.
435 4345 470 4389 re
493 4322 626 4412 quidem
649 4345 738 4404 vera,
761 4323 946 4414 siquando
969 4324 1090 4412 Episcc
1115 4326 1134 4403 i,
1166 4321 1268 4387 stiam
1302 4317 1442 4385 sanctis·

183 4408 267 4478 simi
290 4408 416 4498 injuste
437 4433 457 4479 a
479 4409 627 4502 Synodis
648 4411 910 4502 particularibus
933 4418 1034 4502 atque
1067 4345 1259 4498 illegitimis
1303 4405 1443 4475 iustum

266 4610 287 4680 ¹)
304 4609 410 4681 Nempe
426 4627 495 4680 quac
504 4625 580 4666 anuo
599 4609 660 4665 592.
683 4610 756 4678 data,
780 4611 810 4666 in
834 4609 962 4668 militiam
986 4609 1158 4680 conscriptos
1183 4623 1201 4664 a
1224 4604 1379 4664 monastico
1403 4603 1446 4658 in·

13 4715 15 4744 ÷
183 4683 290 4742 stitutc
309 4687 393 4738 arcet,

13 4757 19 4854 'p
265 4755 287 4826 ²)
306 4754 437 4813 Concord
457 4756 548 4812 nostr.
569 4754 653 4814 Artis.
673 4755 718 4810 Xl.
