3476 5366
730 375 918 480 .-.ἶῖἕᾲ

194 591 384 662 couclusum
406 592 535 681 Synodi
557 593 783 661 oecumenicae
827 595 915 662 uoad
938 593 1141 663 condendam
1185 593 1291 679 legem
1335 593 1437 662 eccle·

193 681 360 748 siasticam
382 702 449 747 non
472 678 572 747 aliam
596 681 696 748 habet
718 617 1005 768 signibcationem,
1029 704 1126 768 quam
1149 679 1238 770 quod
1272 679 1342 748 talo
1365 702 1439 749 con·

193 766 321 836 clusum
344 768 521 838 conciliare
544 773 711 835 maturum
734 770 780 836 sit
805 777 843 837 ut
865 793 925 860 pro
964 770 1135 839 sanctione
1180 768 1337 836 Pontifici
1381 791 1442 837 seu

191 854 334 924 Primati
355 857 607 941 substernatur3
631 855 686 945 jus
708 879 851 949 namque
873 858 1044 926 sanciendi
1066 857 1158 945 leges
1181 878 1242 946 pro
1263 862 1339 924 tota
1378 853 1440 924 Eo-

192 943 294 1012 clesia
316 953 370 1013 est
391 943 567 1013 Pontificio
590 967 655 1032 qua
677 943 837 1014 Primatis
859 947 1032 1015 Ecclesiae
1055 945 1227 1036 personale
1258 949 1293 1013 et
1325 945 1441 1012 inalie·

191 1032 313 1114 nabile,
338 1032 426 1122 quod
449 1054 509 1123 pro
531 1030 697 1100 Pontifice
719 1055 815 1102 nemo
838 1034 926 1102 alter
949 1057 1098 1103 mercare
1122 1040 1182 1101 aut
1204 1032 1246 1100 ad
1281 1032 1316 1099 id
1354 1032 1441 1100 dele

253 1122 349 1190 evol
371 1120 534 1189 substitui
557 1126 679 1209 potest.
704 1119 801 1189 Hanc
823 1124 1029 1191 sanctionem
1074 1121 1281 1212 pontificiam
1327 1142 1441 1188 omnes

213 1209 331 1298 ynodi,
355 1215 391 1277 et
412 1210 521 1298 quoad
543 1207 696 1296 Synodos
720 1210 899 1279 orientales
921 1211 987 1300 ipsi
999 1211 1100 1279 etiem
1111 1211 1335 1299 Imperatores
1358 1209 1441 1276 Con·

191 1297 487 1386 stantinopolitani
510 1318 530 1363 a
552 1297 714 1364 Romanis
735 1297 956 1368 Pontificibus
978 1299 1159 1389 petierunt.
1207 1297 1339 1381 Quibus
1361 1319 1441 1385 ergo

190 1385 374 1454 canonibus
396 1385 451 1454 vel
473 1385 605 1474 legibus
628 1385 863 1456 ecclesiasticis
886 1387 1020 1456 etiamsi
1042 1387 1077 1454 in
1102 1386 1251 1456 Concilio
1296 1407 1441 1454 cecumc

192 1473 265 1542 nico
289 1473 433 1542 decretis
455 1472 600 1542 Romani
621 1472 803 1542 Pontifices
825 1497 891 1566 qua
913 1475 1060 1565 supremi
1081 1478 1189 1543 totius
1211 1473 1325 1562 gregis
1347 1473 1442 1542 Chri·

189 1563 236 1630 sti
258 1569 414 1652 pastores
436 1561 471 1630 in
494 1561 533 1628 B.
556 1560 659 1629 Petro
680 1561 838 1652 Principe
860 1564 1111 1654 Apostolorum,
1135 1561 1294 1653 cujusda
1317 1561 1441 1630 confes·

189 1651 284 1719 sione
306 1650 415 1718 totius
436 1649 609 1718 Ecclesiae
627 1671 833 1720 successores
856 1657 947 1735 sunt,
969 1653 1134 1720 divinitus
1168 1651 1345 1720 constituti
1368 1672 1442 1718 scn-

190 1738 336 1806 ctionem
360 1739 570 1826 denegarunt
594 1739 648 1805 vel
672 1738 846 1826 denegant,
870 1740 924 1808 lex
946 1741 1104 1829 vigorosa
1125 1741 1162 1807 in
1206 1737 1360 1808 Ecclesia
1382 1737 1442 1806 Ca·

189 1827 318 1895 tbolica
341 1849 414 1895 esse
435 1849 476 1895 ue
501 1826 561 1894 uit.
585 1826 640 1894 Sic
662 1829 856 1896 enunciavit
878 1829 1040 1898 Nicolaus
1062 1828 1221 1897 Pontifex
1242 1826 1400 1916 Epistola
1410 1828 1440 1893 7.

189 1915 233 1982 ad
256 1915 456 1984 Michaelem
477 1849 717 2003 imperatorem
740 1917 909 2005 inquiens:
934 1917 1106 2003 „Denique
1128 1917 1163 1983 in
1196 1914 1442 1983 universalibus

190 2001 338 2092 Synodis
361 2003 442 2098 quid
464 2009 585 2083 ratum,
610 2003 664 2071 vel
689 2025 825 2090 prorsus
849 2014 1030 2096 acceptum,
1054 2007 1118 2072 nisi
1140 2003 1442 2094 quodsedesBeati

189 2090 286 2159 Petri
308 2092 467 2181 probavit
490 2091 545 2181 (ut
567 2091 634 2180 ipsi
656 2093 765 2181 scitis)
789 2092 964 2162 habetur.“
999 2135 1028 2145 -
1053 2093 1163 2182 Leges
1185 2099 1299 2160 autem
1339 2091 1441 2160 eccle·

190 2179 348 2249 siasticae
371 2182 405 2247 in
427 2179 588 2248 Conciliis
611 2183 826 2249 oecumenicis
847 2205 909 2270 pro
931 2182 1089 2251 universa
1112 2181 1265 2250 Ecclesia
1280 2179 1439 2268 legitime,

188 2274 292 2357 prout
315 2268 441 2336 dictum
463 2273 525 2349 est,
549 2267 649 2349 latae,
676 2268 828 2356 obligant
847 2277 924 2373 post
945 2270 1208 2361 publicationem
1229 2270 1295 2337 rite
1317 2274 1352 2337 et
1389 2291 1440 2336 ca·

188 2357 307 2424 nonice
330 2356 464 2424 factam.
488 2355 548 2423 Eit
570 2362 682 2424 autem
705 2357 888 2445 publicatro
918 2358 1030 2446 legum
1071 2357 1371 2427 ecclesiasticarum
1405 2357 1440 2422 in

189 2443 339 2513 Concilio
362 2443 570 2513 oecumenico
593 2444 735 2513 latarum
759 2467 818 2534 per
840 2446 1020 2515 Decretum
1042 2445 1294 2537 approbationis
1327 2467 1441 2512 earum

188 2554 360 2602 asummo
382 2532 546 2601 Pontifice
569 2532 705 2614 editum,
729 2533 817 2623 quod
839 2536 1082 2624 quamprimum
1126 2534 1324 2614 innotuerit,
1348 2533 1441 2620 leges

211 2623 421 2708 romulgatae
443 2626 550 2689 totam
573 2621 757 2689 Ecclesiam
780 2621 987 2690 Catholicam
1027 2623 1182 2711 obligant
1227 2623 1269 2712 (c.
1316 2621 1368 2689 18.
1403 2621 1440 2690 C,

188 2643 300 2778 ΞΠ.
324 2731 379 2799 qu.
403 2710 465 2796 2.);
492 2709 625 2799 „Siquis
649 2709 815 2797 dogmata,
840 2711 1007 2792 mandata,
1034 2711 1224 2793 interdicta,
1248 2710 1439 2777 sanctiones

188 2798 243 2866 vel
256 2796 391 2867 decreta
399 2820 459 2886 pro
470 2797 654 2866 catholicae
668 2798 747 2866 fidei
765 2798 952 2888 disciplina,
974 2821 1034 2889 pro
1054 2801 1258 2869 correctione
1280 2798 1439 2879 fidelium,

186 2907 248 2975 pro
258 2885 490 2955 emendatione
503 2885 750 2969 sceleratorum,
764 2887 817 2954 vel
827 2887 1318 2956 interdictione‘imminentium
1328 2887 1381 2954 vel
1390 2885 1440 2953 iu·

187 2985 342 3042 tutorum
351 2973 1218 3064 malorumasedisApostolicaePraesulesalubriter
1250 2975 1441 3062 romulgata

187 3063 437 3152 contempserit,
448 3063 625 3130 anathema
638 3065 714 3130 sit.“
733 3063 857 3152 Eitque
878 3065 1106 3154 promulgatio
1122 3001 1301 3134 Pontidcia
1312 3062 1437 3130 hacvel

186 3151 291 3218 simili
302 3151 460 3219 formula:
475 3149 638 3219 Volumus
650 3157 771 3234 autem,
781 3162 821 3219 ut
828 3161 1022 3241 praesentes
1032 3154 1149 3221 literae
1158 3154 1193 3219 in
1205 3154 1313 3220 valvis
1325 3151 1439 3219 Ecole

186 3240 259 3308 sine
280 3239 530 3345 Laterunensis,
543 3239 752 3345 etPrincipis
773 3240 1022 3329 Apostolorum,
1039 3264 1099 3310 nec
1122 3264 1188 3309 non
1212 3239 1440 3344 Cancellsriae

185 3329 1067 3506 tltitttclglltllcul¹‘',fttlltlla
1082 3335 1368 3486 bulliit„
1382 3350 1441 3483 pli

185 3506 350 3593 singulos,
370 3527 452 3592 quos
475 3504 554 3571 illae
575 3511 787 3587 concernunt,
810 3506 948 3594 perinde
979 3514 1111 3575 arctent
1145 3515 1180 3574 et
1214 3505 1376 3586 alliciant,
1401 3526 1440 3571 ac

184 3597 217 3662 si
239 3593 420 3683 unicuique
442 3615 555 3662 eorum
579 3594 773 3660 nominatim
797 3603 831 3661 et
853 3595 1075 3682 personaliter
1098 3597 1273 3662 intimatae
1282 3593 1438 3661 fuissent.

184 3682 419 3768 Promulgatio
442 3682 545 3750 etiam
565 3681 607 3747 fit
628 3702 688 3770 per
710 3687 931 3784 transumpta,
978 3682 1163 3770 cujusmodi
1209 3681 1360 3754 clausula
1406 3683 1440 3748 in

212 3770 359 3856 lorisque
381 3770 678 3839 constitutionibus
700 3769 889 3838 Pontificius
913 3772 1059 3840 occurrit
1081 3772 1251 3862 sequentis
1285 3769 1439 3838 tenoris:

258 3859 424 3948 nsumptis
458 3879 587 3948 quoque
610 3858 697 3946 (scil.
733 3858 921 3946 literarum)
945 3883 1029 3951 quae
1052 3883 1152 3929 manu
1160 3859 1303 3947 alicujus
1314 3857 1440 4012 publici

184 3948 315 4016 notarii
337 3948 464 4038 scripta
485 3946 749 4036 subscriptoque,
773 3952 807 4014 et
830 3946 954 4034 sigillis
977 3971 1016 4017 ac
1038 3950 1283 4039 subscriptione
1298 3969 1317 4013 a
1332 3946 1441 4036 ioujua

184 4057 351 4126 personae
372 4037 407 4103 in
431 4035 599 4122 dignitate
621 4035 845 4103 ecclesiastica
877 4037 1083 4105 constitutae
1127 4037 1258 4105 munita
1302 4035 1440 4114 fuerint,

182 4125 287 4194 fidem
311 4124 385 4192 sine
406 4124 478 4192 ulla
502 4123 711 4191 dubitatione
734 4124 850 4190 haberi
875 4125 1071 4194 mandamus
1093 4135 1194 4213 atque
1219 4123 1440 4203 deceruimus,

183 4237 225 4283 ac
248 4212 390 4304 proinde
412 4210 585 4303 quodlibet
608 4213 836 4280 authenticum
859 4215 1028 4304 exemplar
1050 4215 1164 4303 copiae
1187 4209 1440 4282 constitutionis

182 4301 382 4396 pontificiae
403 4300 545 4388 legalem
567 4299 872 4389 promulgationem
895 4301 990 4369 iacit.

384 4481 419 4577 ξ.
453 4478 545 4561 109.
572 4480 637 4560 De
671 4478 858 4582 Synodis
884 4478 1250 4563 Prouincialibus.

285 4649 427 4718 Praeter
449 4649 598 4718 Concilio
621 4650 840 4731 oecumenica,
864 4672 922 4716 seu
945 4649 1158 4730 universalia,
1178 4649 1345 4716 celebrata
1361 4649 1441 4713 sulit

184 4741 292 4811 ctiam
316 4737 465 4806 Concilio
488 4738 716 4828 particularia,
743 4746 778 4805 et
801 4737 934 4826 quidem
946 4743 1086 4828 majora:
1111 4737 1365 4816 Patriarcbalia,
1379 4733 1439 4800 sub
