3464 5366
819 425 841 430 -
860 423 886 429 .-
900 325 981 430 60..

302 555 380 703 pter
402 547 488 636 quod
511 550 545 613 in
569 554 660 614 terra
683 549 821 637 punitus
845 555 906 629 est,
931 572 996 615 non
1022 572 1098 615 vero
1121 543 1277 701 propter
1303 548 1386 615 alia'.
1416 571 1546 638 quoque

327 633 481 703 omicidia
503 641 641 724 propter
663 657 747 723 quae
769 636 908 725 punitus
931 658 996 703 non
1021 643 1082 720 est,
1107 639 1191 724 (inte
1207 635 1274 724 lige
1297 636 1408 725 quoad
1448 637 1546 704 satis·
1628 658 1632 665 ·

302 722 492 805 factionem,
515 745 582 790 non
604 730 716 791 antem
739 724 847 813 quoad
870 726 1095 793 remissionem
1141 723 1348 806 delictorum,
1394 726 1424 792 si
1470 748 1549 792 vere

302 812 477 901 poenitens
487 811 635 893 obiisset,
659 815 781 899 quoin
804 834 883 881 casu
906 818 1000 888 totus
1023 815 1119 880 bomo
1142 812 1457 882 reconciliatnsDeo
1470 837 1550 882 non-

303 899 369 968 nisi
408 897 638 974 satisfactione
660 901 837 990 temporali
860 908 1004 969 tenetur.

399 987 435 1056 0.
460 987 534 1056 327.
557 987 646 1056 Loco
670 987 880 1057 convenienti
903 995 984 1057 sunt
1006 989 1189 1057 audiendae
1220 987 1442 1057 confessiones
1474 1012 1548 1058 cum

303 1097 430 1143 samma
453 1075 706 1143 mansuetudine
730 1081 766 1144 et
788 1077 911 1145 affectu
934 1076 1171 1166 compassionis
1194 1097 1274 1163 erga
1319 1079 1548 1166 poenitentem

303 1163 496 1245 exhibendo,
521 1170 556 1230 et
578 1163 783 1252 injungenda
806 1187 906 1254 opera
929 1165 1173 1234 satisfactionis
1195 1165 1231 1232 in
1271 1186 1370 1233 sensu
1415 1166 1550 1257 quidem

304 1274 475 1332 canonum,
499 1251 557 1319 sed
580 1250 676 1333 iuxta
699 1251 1003 1321 individualitatem
1027 1253 1240 1343 poenitentis.

399 1340 436 1409 0.
458 1339 532 1408 328.
555 1337 608 1407 De
629 1340 945 1428 praestigiatoribus
968 1341 1131 1432 quomodo
1153 1339 1360 1444 puniendis?
1395 1344 1452 1430 qui
1475 1350 1550 1412 arte

304 1427 467 1496 diabolica
489 1432 619 1509 nocent,
644 1427 696 1495 20.
720 1429 817 1497 annis
847 1429 1121 1498 excommunicati
1144 1434 1223 1498 sint.
1453 1459 1455 1466 >

386 1516 434 1585 ’0.
458 1513 532 1597 329,
555 1515 606 1585 De
629 1515 759 1598 onania,
783 1517 1004 1586 fornicatione
1025 1518 1062 1585 in
1085 1541 1101 1584 s
1125 1517 1194 1586 ecia
1231 1537 1305 1584 cnm
1329 1539 1394 1584 non
1439 1517 1550 1606 bapti·

302 1610 389 1674 nata.
414 1603 575 1672 Ouaniam
599 1605 810 1674 committens
831 1606 886 1674 40.
910 1606 1025 1675 diebus
1048 1541 1153 1674 aridia
1176 1611 1342 1688 vescatur,
1366 1626 1460 1673 secus
1483 1629 1549 1672 nno

303 1714 390 1762 anno
412 1715 433 1759 a
455 1713 549 1760 sacra
573 1693 800 1762 communione
844 1694 1034 1784 prohibitus
1079 1694 1143 1778 sit;
1167 1692 1423 1762 fornicationem
1469 1715 1550 1761 vero

302 1781 512 1850 committens
535 1786 660 1867 septem
684 1781 780 1849 anuis
803 1789 827 1850 a'
845 1805 939 1851 sacra
963 1783 1189 1850 communione
1211 1787 1390 1868 arceatur3
1436 1782 1551 1851 Sacer-

303 1871 363 1939 dos
386 1871 466 1937 baec
488 1876 625 1958 peccata
650 1869 859 1939 committens
881 1877 959 1961 post
982 1871 1124 1952 ordines,
1148 1871 1184 1936 in
1207 1875 1405 1960 perpetuum
1451 1871 1551 1960 dopo·

302 1965 413 2027 natur.
670 2019 672 2023 ,

398 2046 433 2115 C.
459 2045 532 2112 330.
556 2045 607 2112 Do
630 2046 839 2135 poenitentia
861 2046 1136 2128 incestuosorum,
1161 2069 1233 2114 cum
1257 2067 1370 2115 sorore
1379 2046 1431 2115 20.
1442 2046 1551 2130 annis,

304 2157 377 2203 cum
401 2156 488 2201 nuru
510 2133 565 2201 vel
588 2156 685 2203 socru
710 2134 760 2201 11.
784 2134 890 2222 anuis,
914 2157 987 2203 cum
1011 2135 1208 2203 consobrina
1232 2135 1283 2201 10.
1324 2136 1430 2218 annis,
1477 2159 1551 2203 cnm

303 2224 436 2292 sobrina
459 2222 489 2303 9,
514 2245 586 2288 cum
602 2222 754 2291 affinirsa
778 2223 828 2305 ll,
854 2246 926 2290 cum
949 2223 1021 2291 filia
1044 2223 1215 2314 spirituali
1229 2223 1281 2305 20,
1293 2228 1357 2291 etc.

399 2312 434 2380 O.
459 2310 532 2376 331.
556 2309 787 2381 Menstruatae
809 2333 913 2401 usquo
937 2312 1014 2378 dum
1037 2316 1225 2401 purgentur
1246 2311 1550 2393 recommuniceut,

302 2421 362 2469 nec
385 2399 585 2487 anaphoram
609 2404 753 2468 sumant.

399 2488 433 2559 C.
459 2487 532 2554 332.
557 2485 745 2556 Sodomiam
767 2485 821 2554 vel
844 2487 1087 2556 bestialitatem
1109 2487 1355 2556 committentes
1379 2488 1430 2554 18.
1454 2487 1551 2556 annis

302 2599 323 2645 a
346 2597 441 2645 sacra
462 2570 873 2665 communioneprobibiti
895 2575 974 2643 sint.

328 2751 362 2820 T
397 2665 432 2734 0.
456 2663 530 2730 333.
554 2662 606 2730 De
632 2665 735 2732 variis
757 2662 919 2762 gradibus
942 2663 1091 2731 incestus
1113 2670 1148 2732 et
1169 2663 1347 2747 sodomiae,
1371 2686 1477 2756 poena
1501 2664 1544 2732 ci-

303 2774 337 2820 vi
352 2775 382 2822 is
404 2775 502 2820 mors.

399 2840 434 2910 C.
458 2841 532 2908 334.
556 2840 667 2906 Poena
691 2838 803 2909 civilis
826 2861 949 2922 corum,
973 2839 1031 2926 qui
1053 2839 1296 2907 bestialitatem
1319 2841 1550 2910 committunt:

302 2931 489 3020 amputatio
513 2927 633 3016 capitis
656 2933 691 2994 et
714 2928 898 2995 combustio
921 2928 1068 3016 corporis
1090 2950 1158 2995 nna
1181 2951 1255 2996 cum
1278 2929 1424 2996 animali.

324 3049 330 3062 ·
399 3020 434 3087 C.
459 3017 533 3086 335.
557 3014 739 3083 Homicidii
763 3037 869 3104 poena
892 3016 1060 3098 canonica,
1084 3016 1273 3105 etquidem
1296 3017 1480 3086 voluntarii
1496 3022 1548 3088 20.

302 3109 391 3189 anni,
414 3104 635 3174 involuntarii
658 3103 709 3169 10.
733 3103 823 3186 anni,
846 3110 885 3172 ut
908 3113 1086 3172 arceantur
1109 3127 1128 3172 a
1151 3126 1247 3172 sacra
1269 3108 1506 3176 communione.

397 3195 433 3264 0.
457 3194 530 3262 336.
555 3191 668 3280 Siquis
691 3192 726 3258 iu
749 3192 874 3261 affectu
895 3193 965 3260 irae
988 3193 1091 3260 alium
1114 3194 1317 3282 percusserit
1339 3201 1552 3283 utaequatur

302 3307 400 3366 mors,
424 3282 573 3353 Clericus
596 3279 783 3369 deponitur,
807 3282 930 3349 Laicua
953 3282 1267 3350 excommunicatur.

397 3373 432 3440 0.
457 3371 531 3438 337.
555 3368 768 3458 spectatores
792 3369 897 3437 duelli
920 3376 1079 3458 sequente
1115 3376 1232 3452 morte,
1277 3369 1465 3460 puniuntur
1507 3379 1548 3441 nt

302 3459 476 3529 homicida.

301 3636 323 3703 h
380 3548 532 3703 2338.
556 3547 608 3614 De
629 3543 764 3614 indiciis
798 3545 1010 3615 voluntariae
1055 3546 1298 3636 cooperationis
1342 3547 1385 3614 ad
1426 3548 1549 3618 crimen

325 3658 421 3704 om1oi
448 3659 482 3702 11.
1408 3675 1411 3680 -

397 3725 433 3793 C.
456 3723 530 3791 339.
554 3723 605 3790 De
627 3742 732 3811 poena
756 3743 877 3802 eorum,
901 3722 959 3811 qui
982 3721 1146 3809 adjuvant
1169 3722 1212 3790 ad
1235 3723 1425 3815 profugium
1447 3725 1550 3794 bomi-

302 3810 408 3882 cidam
432 3820 473 3880 ne
495 3812 741 3900 intercipiatur,
766 3810 819 3876 vel
844 3831 918 3877 eum
942 3812 1121 3900 occultant.

396 3901 432 3970 C.
456 3900 531 3970 340.
556 3901 607 3968 De
629 3899 679 3980 iis,
704 3900 760 3985 qui
782 3898 949 3986 recipiunt
971 3899 1006 3966 iu
1031 3898 1143 3967 domos
1188 3920 1267 3966 snas
1311 3899 1402 3971 fures
1446 3908 1481 3972 et
1504 3903 1551 3972 la·

301 3994 425 4060 trones.

397 4078 432 4147 0.
457 4078 532 4145 341.
555 4077 606 4144 De
629 4078 766 4142 auctore
788 4073 937 4141 criminis
961 4075 1109 4156 consilio,
1134 4075 1189 4142 vel
1211 4076 1378 4146 mandato.

399 4167 434 4234 0.
459 4165 532 4232 342.
557 4164 608 4232 Da
631 4161 910 4252 approbatoribus
933 4163 1117 4232 criminum.

398 4254 434 4322 O.
458 4254 532 4320 343.
555 4253 607 4320 De
630 4251 763 4319 furibus
786 4255 821 4316 et
843 4249 1041 4319 latronibus.

397 4342 433 4410 C.
457 4341 531 4409 344.
556 4339 623 4425 Qui
646 4339 810 4408 effodiunt
841 4338 1016 4428 sepulchra
1049 4340 1158 4409 tribus
1182 4339 1279 4408 annis
1323 4363 1364 4408 ne
1409 4365 1551 4412 commu·

302 4432 424 4501 niceut.

398 4519 432 4588 0.
459 4517 533 4584 345.
556 4515 665 4604 Leges
689 4514 804 4583 civiles
828 4515 869 4583 de
891 4515 1140 4604 spoliatoribus.

398 4607 433 4673 Ο.
457 4606 531 4672 346.
555 4605 606 4672 De
628 4603 680 4685 iis,
705 4602 763 4693 qui
785 4603 976 4672 obsederint
1000 4605 1073 4672 vias
1106 4607 1178 4672 sine
1202 4605 1313 4672 armis.

398 4694 434 4763 G.
457 4694 531 4762 347.
556 4693 607 4760 De
629 4691 768 4760 Telonio
792 4691 961 4758 dominali.

1264 4793 1274 4834 t
