3420 5358
745 391 810 458 289

251 608 326 676 Nec
347 607 438 674 aliud
461 608 559 676 docet
581 610 688 712 ipsum
711 607 895 680 Concilium
911 605 1110 676 -I'rullanum
1128 607 1262 676 Cancne
1278 609 1408 678 XCIII.

155 695 290 762 verbis:
320 695 394 776 ,Sin
418 701 530 762 autem
554 698 649 763 m1les
672 697 847 786 aliquanto
869 702 946 784 post
969 701 1116 784 tempore
1139 695 1290 778 redierit,
1315 700 1410 778 cuius

154 805 240 850 uxor
263 791 402 872 propter
424 783 558 870 longam
580 785 672 851 illins
694 783 880 852 absentiam
913 780 1012 849 alteri
1047 783 1122 849 viro
1144 782 1324 870 conjuncta
1347 792 1410 866 est,

154 871 185 938 is
207 871 239 938 si
263 869 348 938 velit
370 873 537 962 propriam
561 893 693 940 uxorem
728 873 898 960 00010101.<
947 871 1029 938 Cum
1053 869 1160 958 igitur
1182 869 1274 939 dicat
1296 872 1413 940 Conci-

156 958 238 1026 lium
284 962 452 1048 proriam
497 981 641 1042 uxorem,
666 967 761 1049 patet
784 983 826 1028 ex
848 959 1023 1027 Sententia
1053 958 1195 1025 Ooncilii
1241 961 1413 1028 00001100-

156 1069 259 1136 quum
281 983 484 1114 adulterium
518 1069 583 1115 non
607 1050 754 1116 evasisse
798 1049 940 1116 alterius
985 1068 1129 1127 uxorem,
1164 1068 1199 1114 ee
1244 1050 1413 1137 propriam

157 1136 256 1224 primi
281 1135 396 1202 mariti
428 1137 600 1204 mansisse.

255 1221 355 1307 Quod
377 1231 489 1291 001010
511 1225 591 1292 Can.
615 1225 677 1292 IX.
701 1225 734 1292 S.
758 1223 880 1292 Basilii·
898 1223 1024 1308 Magni‚
1048 1221 1210 1311 adquam
1238 1222 1414 1292 doctrinae

158 1311 345 1379 catholicae
368 1313 409 1380 de
437 1313 594 1379 absoluta
638 1313 764 1380 vinculi
810 1310 1064 1378 matrimonialis
1111 1310 1414 1379 indissolubilitetc

158 1400 347 1466 adversarii
370 1407 563 1489 provocant,
587 1401 728 1482 adtinet,
753 1400 786 1468 S.
813 1399 960 1466 Basilius
984 1399 1020 1464 in
1043 1398 1106 1468 hcc
1121 1399 1255 1468 Oenone
1279 1421 1344 1466 non
1370 1399 1411 1466 de

159 1487 323 1556 solvendo
344 1487 488 1570 vinculo,
513 1490 574 1578 sed-
595 1490 701 1555 solum
723 1490 764 1555 de
788 1486 949 1554 facultate
976 1486 1256 1555 matrimonialem
1280 1487 1416 1555 cohabi-

159 1577 323 1644 tationem
368 1584 505 1666 propter
546 1576 749 1644 adulterium
793 1575 1071 1663 interrumpendi,
1111 1595 1194 1664 quae
1218 1599 1283 1644 non
1308 1576 1416 1644 solum

162 1665 234 1732 viro
257 1663 318 1732 sed
341 1675 376 1730 et
390 1664 522 1734 mulieri
542 1673 728 1754 competere
747 1664 869 1732 debeat
883 1665 1053 1753 loquitur·;
1078 1670 1179 1748 atque
1197 1665 1232 1730 in
1257 1669 1418 1733 contextu

161 1753 262 1841 hujus
284 1753 430 1819 Cononis
475 1773 628 1841 expresse
661 1753 827 1833 00000101,
853 1773 894 1818 00
925 1751 1058 1841 quidem
1082 1774 1101 1817 a
1124 1756 1196 1818 viro
1218 1752 1347 1819 infideli
1370 1775 1419 1819 se·

162 1840 345 1930 parandam
368 1861 440 1908 esse
462 1841 633 1908 mulierem
672 1848 812 1932 propter
841 1839 1113 1907 incertitudinem
1137 1847 1287 1923 eventus,
1311 1841 1419 1908 multo

164 1929 272 1996 minus
296 1935 409 1995 autem
431 1930 473 1996 ob
496 1929 758 1996 fornicationem.
795 1929 951 1996 Ceterum
986 1934 1083 1996 recte·
1101 1929 1258 1996 observat
1281 1927 1420 1996 Natalis

164 2016 361 2084 Alexander
380 2017 416 2082 iu
439 2039 500 2083 sue
522 2017 705 2104 Theologia
751 2019 866 2084 morali
902 2015 944 2083 10
967 2017 1202 2083 matrimonio:
1251 2017 1420 2098 ,Invaluit

164 2105 296 2191 quidem
343 2104 523 2192 aliquando
561 2127 666 2194 prava
698 2104 914 2186 consuetudo,
957 2125 1042 2193 quae
1071 2106 1153 2185 viro,
1178 2104 1354 2194 repudiata
1378 2106 1419 2173 ob

164 2193 367 2260 adultenum
414 2215 525 2274 uxore,
562 2195 685 2260 nubere
708 2195 808 2260 alteri
832 2193 1061 2282 permittebat.
1109 2191 1233 2260 Verum
1257 2193 1421 2280 Origenes

165 2282 291 2372 priscos
314 2281 392 2346 illos
414 2282 597 2370 Episcopos
620 2291 737 2349 contra
769 2281 974 2369 scripturam
1005 2283 1194 2368 permisisse
1217 2283 1350 2363 asserit,
1373 2282 1421 2348 di-

167 2371 275 2436 missis
299 2369 499 2455 conjugibus
522 2372 608 2436 alias
627 2370 774 2436 ducere‘
803 2371 911 2452 Quam
935 2369 1126 2457 primitivae
1149 2369 1320 2436 Ecclesiae
1366 2369 1421 2437 do·

167 2459 309 2524 ctrinam
346 2459 435 2523 clare
472 2458 607 2524 exhibet
629 2460 771 2525 Hermas
794 2458 980 2545 discipulus
1002 2457 1161 2546 Apostoli
1185 2458 1295 2539 Pauli,
1318 2456 1421 2525 Libro

167 2545 211 2612 Π.
234 2545 388 2612 Pastoris
411 2541 577 2611 mandato'
599 2545 671 2612 4-10
705 2547 755 2612 110
777 2547 884 2612 Deum
910 2546 1066 2612 effundo:
1096 2545 1269 2626 ,Dominel
1294 2547 1322 2612 si
1369 2549 1430 2612 uis·

169 2633 325 2700 habuerit
348 2653 482 2699 uxorem
507 2633 638 2700 fidelem
660 2635 697 2700 in
719 2635 872 2713 Domino,
909 2640 944 2700 et
966 2634 1051 2701 hano
1083 2634 1251 2702 invenerit
1274 2635 1309 2700 in
1332 2567 1425 2704 0101-

169 2721 262 2800 taric,
287 2722 589 2809 numquid‘peocat
611 2723 674 2804 vir,
698 2723 757 2810 qni
776 2722 927 2788 convicit
950 2744 1023 2789 cum
1048 2721 1134 2787 illa?
1179 2721 1268 2789 Huic
1290 2743 1425 2810 respon·

170 2810 220 2876 dit
250 2810 452 2892 Dominus:⁴
472 2811 629 2897 quamdiu
666 2812 770 2876 nescit
810 2817 983 2898 peccatum
1008 2811 1090 2898 ejus,
1115 2812 1187 2876 sine
1211 2810 1348 2878 crimine
1372 2815 1425 2877 eet

171 2899 221 2964 vir
243 2899 364 2963 vivens
387 2917 461 2962 cum
483 2899 564 2982 illa;
589 2898 618 2964 si
641 2905 753 2965 eutem
778 2898 916 2966 sciverit
955 2919 1093 2964 uxorem
1115 2919 1210 2964 suam
1234 2898 1423 2984 deliquisse,

171 2993 205 3052 01
225 3007 294 3052 non
316 2988 425 3071 egerit
447 2988 684 3072 poenitentiam
711 2987 838 3066 mulier,
863 2993 898 3052 et
920 2991 1115 3075 permaneat
1145 2987 1180 3052 in
1204 2987 1426 3054 fornicatione

170 3096 239 3154 sua,
262 3079 299 3139 01
322 3073 474 3139 convivit
497 3096 569 3141 cum
591 3075 651 3140 illa
676 3077 735 3156 vir,
760 3091 836 3140 reus
860 3075 928 3141 erit
943 3075 1072 3162 peccati
1092 3075 1174 3163 ejus,
1199 3081 1234 3141 et
1257 3076 1427 3165 particeps

170 3161 430 3229 machinationis
452 3161 533 3249 ejus.
558 3161 667 3229 Addit
691 3183 770 3230 vero
807 3161 972 3228 Hermos:
1009 3162 1097 3245 Quid
1122 3183 1201 3248 ergo
1225 3165 1253 3229 si
1275 3183 1427 3250 perman·

171 3251 253 3341 serit
275 3251 312 3315 in
335 3248 418 3315 vitio
442 3271 501 3315 suo
525 3251 666 3316 mulier?
712 3253 763 3318 cui
788 3250 975 3317 Dominus:
1022 3251 1175 3317 dimittat
1198 3250 1291 3316 illam
1315 3251 1370 3318 vir
1391 3255 1428 3316 et

172 3361 229 3426 per
251 3359 287 3403 se
311 3344 460 3403 maneat.
483 3341 557 3422 (seu
590 3339 691 3423 aliam
727 3361 792 3404 non
822 3339 948 3426 ducat).
995 3338 1218 3424 Prosequitur
1261 3338 1427 3404 Hermas:

173 3426 258 3514 qnod
281 3427 309 3490 si
333 3425 453 3491 mulier
476 3426 611 3492 dimissa
634 3427 873 3514 poenitentiam
886 3425 995 3512 egerit
1018 3434 1054 3492 et
1078 3425 1225 3492 voluerit
1248 3425 1292 3492 01
1317 3426 1428 3494 virum

173 3514 307 3592 reverti,
332 3535 441 3578 nonne
476 3515 657 3603 recipietur
693 3517 808 3581 aviro
842 3513 930 3580 suo?
954 3520 988 3580 et
1011 3513 1193 3581 Dominus:
1220 3517 1286 3581 imo
1309 3515 1338 3579 ai
1361 3535 1429 3581 non

175 3602 338 3690 receperit
359 3621 431 3666 eam
457 3603 508 3668 vir
540 3623 631 3682 suus,
667 3614 790 3691 peccat,
821 3610 856 3667 01
884 3623 1041 3688 magnum
1087 3606 1261 3692 peccatum
1284 3602 1350 3668 eibi
1374 3601 1430 3668 ad·

175 3691 310 3756 mittit.⁴1
339 3688 469 3770 Quibus
493 3691 696 3778 apostolicae
719 3689 843 3756 aetatis
877 3691 932 3757 vir
955 3691 1052 3756 docet
1076 3691 1246 3759 mulierem
1271 3690 1312 3755 ob
1336 3689 1430 3756 adul·

176 3781 293 3844 terium
340 3776 472 3864 quidem
496 3777 623 3845 dimitti
648 3801 754 3868 posse,
787 3779 899 3844 neutri
934 3787 1046 3844 tamen
1070 3779 1160 3868 parti
1184 3778 1293 3845 altero
1317 3777 1432 3844 metri·

178 3869 282 3932 monio
326 3865 484 3952 conjungi
528 3867 727 3955 permissum
761 3887 842 3946 ease,
890 3874 1027 3970 propter
1066 3865 1236 3939 vinculum
1260 3869 1349 3932 inter
1373 3887 1431 3932 ees

178 3975 383 4041 permanens,
417 3953 484 4020 imo
518 3955 743 4042 poenitentem
779 3975 838 4042 per
869 3976 979 4021 vnum
1025 3957 1145 4021 iterum
1169 3957 1203 4020 in
1228 3955 1434 4021 consortium

180 4041 268 4108 vitae
290 4041 515 4129 recipiendam
549 4063 631 4109 esse.
666 4081 711 4096 -··
742 4043 846 4130 Cujus
885 4041 1057 4110 doctrinae
1081 4043 1296 4127 evangelicae
1318 4041 1429 4129 ignari

181 4151 242 4196 non
264 4136 347 4196 aunt
368 4131 432 4218 ipsi
453 4130 555 4196 etiam
600 4133 803 4198 recentiores
848 4130 1218 4218 constantinopolitani
1255 4129 1434 4209 non-uniti,

182 4219 290 4301 quiin
313 4239 374 4285 suo
398 4218 517 4286 Codice
540 4217 1315 4307 0000000]Ρ1101100110101800-0011100100
1339 4216 1435 4308 typis

183 4304 268 4372 edito
291 4309 325 4372 io
351 4304 441 4372 Nota
464 4304 506 4372 ad
529 4306 696 4374 Ganonem
719 4306 881 4374 XLVIII.
907 4307 1146 4394 Apostolorum
1180 4305 1358 4396 sequentia
1381 4303 1437 4370 ad·

183 4399 358 4462 nomrunt:
385 4394 578 4474 ,Sententia
600 4395 735 4463 Domini
761 4403 822 4476 est,
846 4404 886 4461 nt
910 4415 969 4461 uec
992 4395 1047 4461 vir
1065 4400 1242 4484 separetur
1265 4395 1307 4461 ab
1330 4411 1438 4460 uxore

188 4503 271 4562 ,sua
294 4503 356 4550 nee
379 4481 498 4549 mulier
519 4505 540 4549 0
563 4484 635 4550 viro
658 4505 729 4564 suo,
754 4487 830 4570 quia
853 4482 1040 4571 aequaliter
1063 4483 1228 4551 Dominus
1251 4489 1285 4551 et
1298 4487 1439 4572 propter

189 4570 312 4648 ,virum
334 4575 369 4637 01
391 4576 527 4660 propter
550 4571 720 4642 mulierem
754 4573 859 4638 dixit:
895 4573 1081 4660 quicunque
1105 4570 1275 4640 dimiserit
1298 4589 1438 4637 uxorem

189 4679 295 4736 ,snam
317 4665 354 4726 et
376 4657 510 4726 duxerit
543 4661 654 4741 aliam,
686 4659 893 4728 adulterium
927 4659 1113 4727 committit
1144 4681 1221 4726 cum
1244 4659 1314 4728 illa.
1361 4655 1440 4726 Etsi

190 4745 368 4828 ‚dimiserit
410 4747 531 4815 mulier
553 4749 664 4816 virum
697 4769 803 4834 suum,
839 4755 873 4818 et
905 4748 1062 4838 nupserit
1097 4746 1444 4894 alteri‚adulter1ipm
