3464 5366
693 406 823 512 Ar
855 505 895 510 -

171 628 336 698 celebrata
360 633 459 714 sunt;
476 635 523 695 'ut
545 626 626 694 adeo
647 627 746 716 juxto
767 627 872 694 illud:
896 627 1052 693 solatium
1076 631 1129 692 est
1165 625 1291 692 miseris
1315 629 1419 694 socios

171 717 327 786 habuisse
350 717 510 798 dolorum,
535 718 635 785 etiem
658 719 693 782 in
716 715 794 784 sede
816 714 984 804 Principis
1016 712 1252 804 Apostolorum
1276 712 1420 808 aliquem

172 805 290 876 saltem
303 827 405 874 unum
428 803 707 874 Haeresiarcham
730 807 938 894 quaererent,
962 801 1180 888 aedfrustra;
1204 803 1240 868 in
1252 787 1419 870 Cathedra

172 892 256 962 enim
278 893 374 962 Petri
395 892 586 964 infallibilis
608 913 738 983 semper
759 892 839 960 fidei
861 896 959 982 petra
981 895 1176 979 perpetuam
1199 890 1265 958 sibi
1310 889 1419 959 sedem

172 983 255 1063 fixit,
279 1003 366 1072 quae
389 984 422 1050 in
445 980 512 1050 fide
534 1004 595 1050 nec
618 981 755 1062 erravit,
779 1003 840 1048 nec
867 1001 980 1046 errare
1002 979 1128 1066 poterit
1174 999 1330 1066 unquam.
1353 979 1421 1046 Ho-

172 1071 283 1138 norius
305 1070 463 1138 Pontifex
487 1068 692 1138 catholicam
716 1071 894 1136 veritatem
918 1068 1117 1148 enunciavit,
1141 1066 1217 1133 dum
1263 1067 1419 1154 scripsit:

173 1159 363 1247 „Utrasque
385 1163 525 1226 naturas
549 1159 596 1247 (in
620 1179 687 1224 uno
710 1157 842 1224 Christo
875 1157 1009 1222 unitate
1039 1155 1187 1221 naturali
1233 1153 1420 1244 copulatas)

173 1269 244 1314 cum
267 1245 409 1314 alterius
433 1249 660 1313 communione
683 1249 869 1335 operantes,
894 1250 930 1309 at
954 1265 995 1309 ue
1033 1245 1234 1331 operatrices
1269 1241 1421 1308 confiteri

172 1333 337 1416 debemus,
361 1339 396 1402 et
417 1333 576 1402 Divinam
600 1333 743 1422 quidem,
768 1355 851 1418 quae
874 1265 955 1400 Dei
979 1338 1059 1397 sunt
1082 1336 1283 1420 operantem,
1308 1338 1343 1422 et
1362 1331 1422 1395 hu·

172 1445 312 1504 monam,
337 1444 422 1512 quae
445 1425 555 1489 earnis
578 1428 658 1488 sunt
681 1426 928 1509 exequentem.“
952 1419 1032 1486 Ideo
1055 1441 1115 1486 neo
1138 1417 1323 1487 Concilium
1359 1417 1420 1487 VI.

172 1509 356 1578 Honorium
379 1509 575 1578 Pontificem
599 1515 639 1576 ut
661 1509 864 1576 haereticum
888 1506 1130 1587 condemnavit,
1154 1505 1212 1573 sed
1236 1509 1336 1594 prout
1357 1506 1421 1573 lm·

172 1605 307 1688 perator
330 1597 574 1667 Constantinus
595 1597 800 1684 Pogonatus,
824 1596 881 1684 qui
904 1595 1010 1662 eidem
1033 1594 1169 1682 Synodo
1192 1593 1361 1676 interfuit,
1374 1593 1421 1660 di·

173 1690 237 1754 cit:
262 1709 329 1776 que
350 1686 524 1754 haereseos
548 1686 823 1766 confirmatorem,
847 1685 905 1773 qui
928 1685 1028 1750 etiam
1052 1683 1105 1750 sui
1144 1683 1251 1770 ipsius
1290 1683 1422 1749 exstitit

174 1774 657 1931 assumere
702 1770 1287 1928 tritttttttnllltttt
1300 1770 1423 1941 effi

173 1951 337 2020 flammam
361 1885 523 2019 haeretirii
546 1885 713 2038 dogmatis
736 1885 802 2016 iios
826 1948 997 2028 exstinxit,
1021 1946 1080 2014 sed
1103 1945 1311 2034 negligentia
1334 1909 1423 2013 ”con-

173 2039 290 2108 fovit.·‘
315 2037 412 2122 Quod
435 2038 587 2124 eiigitur
609 2042 746 2126 propter
768 2037 1020 2117 cunctationem,
1030 2056 1128 2119 quam
1141 2037 1178 2100 in
1188 2032 1423 2124 supprimenda

174 2125 301 2195 haeresi
323 2127 629 2206 Monotheliterum,
662 2127 717 2214 qui
740 2131 829 2194 teste
851 2124 993 2192 historia
1016 2145 1082 2190 non
1105 2123 1168 2189 sibi
1213 2121 1422 2208 constabant,

175 2213 230 2284 sed
252 2237 332 2282 suas
356 2215 603 2282 enunciationes
626 2214 815 2294 variabant,
838 2210 1010 2280 Honorius
1045 2210 1286 2292 manifestavit,
1325 2215 1422 2277 tanto

175 2305 282 2372 minus
306 2302 434 2370 foetum
455 2301 527 2384 hoc,
553 2307 613 2368 aut
643 2299 869 2388 'indulgentia
893 2322 973 2386 erga
996 2298 1190 2380 haereticos,
1236 2297 1422 2366 Honorium

177 2395 283 2480 ipsum
306 2390 513 2459 haereticum
536 2389 640 2456 fuisse
662 2390 793 2480 probat,
817 2388 905 2474 quod
928 2386 1099 2455 Ecclesiae
1111 2386 1295 2454 inerrantia
1318 2385 1422 2454 solum

177 2477 284 2566 quoad
306 2477 418 2560 fidem,
441 2499 539 2564 quam
559 2483 684 2545 rectam
707 2477 862 2546 habuisse
883 2475 1070 2544 Honorium
1092 2497 1187 2541 nemo
1200 2473 1344 2554 dubitat,
1357 2494 1423 2540 non

175 2574 285 2635 summ
309 2564 419 2652 quoad
437 2565 599 2654 judicium
623 2565 664 2634 de
687 2564 1053 2644 motivissub'ectivae
1076 2563 1217 2630 aetionis
1251 2560 1423 2651 cujusdam

175 2655 337 2722 individui
370 2676 452 2740 quae
476 2676 542 2722 non
564 2659 694 2743 patent,
716 2653 815 2742 juxte
838 2588 945 2718 illei:
970 2652 1011 2718 de
1033 2653 1173 2718 internis
1207 2673 1272 2717 non
1292 2648 1423 2740 judicat
1489 2731 1495 2738 ⁸

174 2743 326 2824 Praetor,
350 2745 556 2832 competet.¹)
578 2741 702 2810 Nullus
725 2740 864 2830 proinde
886 2740 1110 2808 Romanorum
1143 2737 1342 2806 Pontificum
1365 2760 1429 2820 un·v

174 2853 273 2921 qnam
296 2829 403 2898 edidit
424 2830 659 2900 Definitionem
684 2833 716 2896 in
739 2830 838 2897 rebus
862 2829 940 2894 fidei
964 2835 999 2896 et
1023 2849 1149 2894 morum
1188 2825 1324 2894 veritati
1368 2827 1424 2892 ad-

175 2941 316 2990 versam.
339 2919 432 3004 Ergo
455 2940 521 2988 non
543 2923 658 3007 potest
680 2918 797 2986 subrui
821 2915 1083 2997 fundamentum,
1106 2914 1192 3004 qood
1205 2912 1423 3004 posuitChri-

174 3015 258 3093 stus,
283 3013 320 3078 et
343 3010 395 3074 oui
418 3006 711 3098 superaedificavit
733 3004 918 3074 Ecclesiam
947 3026 1052 3085 suam,
1098 3009 1214 3072 contra
1259 3025 1356 3089 quam
1386 3024 1424 3072 eo

174 3097 284 3166 minus
307 3095 657 3200 quaesitaeergutiae
679 3092 1127 3183 constantinopolitanorum
1152 3091 1320 3173 valebunt,
1346 3090 1424 3158 dum

174 3183 497 3360 ttrlttt'ttl
510 3179 897 3351 littlut‘ttttt
911 3185 1104 3336 iiiiii
1128 3179 1320 3348 iiiiii,
1341 3201 1422 3333 ‘tt

174 3360 281 3466 siquis
304 3381 341 3426 se
363 3359 560 3462 submittere
583 3364 727 3438 recusat,
750 3359 785 3424 in
807 3358 959 3460 Ecclesia
983 3377 1048 3424 non
1071 3360 1133 3436 est,
1158 3354 1287 3458 dicente
1310 3353 1383 3422 SC
1410 3393 1421 3405 ·

172 3471 292 3605 {dd
309 3444 836 3616 leotltttttlttttitta
851 3443 1347 3619 iiiaetuiitidiiiiiui‘
1364 3465 1421 3596 ei?

172 3623 317 3694 ctoritas
339 3645 361 3690 a
382 3622 475 3692 1)Εο
499 3621 686 3690 constituta
708 3629 807 3690 tenta
829 3628 892 3702 est,
915 3626 957 3688 ut
971 3621 1105 3702 nullius,
1120 3621 1293 3688 neototius
1306 3617 1420 3686 mundi
1452 3667 1454 3672 -

171 3712 254 3782 crisi
278 3712 421 3781 obnoxia
442 3714 497 3779 sit.
522 3710 589 3794 Qui
612 3709 720 3797 igitur
742 3709 912 3778 Ecclesiae
935 3709 1104 3778 Romanae
1126 3706 1223 3774 fidem
1248 3706 1324 3774 crisi
1342 3728 1421 3772 suae

171 3799 340 3890 subjicere
361 3797 492 3880 volunt,
516 3798 664 3866 divinam
688 3797 924 3866 auctoritatem
948 3797 1116 3864 Ecclesiae
1160 3798 1195 3862 in
1224 3792 1421 3882 Magisterio

170 3888 270 3958 Petri
293 3886 406 3956 datam
430 3887 589 3955 subruere
612 3890 790 3970 conantur3
816 3891 850 3956 et
872 3885 1003 3974 qualem
1027 3884 1105 3952 dein
1126 3883 1192 3974 ipsi
1214 3884 1423 3952 substituent

170 3973 441 4046 auctoritatem?
464 3975 614 4064 profecto
637 3976 699 4041 nisi
723 3974 900 4042 humanam
922 3972 1100 4063 propriam,
1124 3993 1208 4061 qnae
1240 3970 1321 4038 adeo
1366 3991 1422 4058 pa·

170 4085 246 4132 rnm
269 4063 456 4152 ,quemlibet
477 4062 606 4150 obligat
630 4063 672 4128 ad
695 4060 903 4142 credendum,
928 4061 1016 4130 sicut
1038 4060 1116 4127 olim
1145 4081 1233 4127 vana
1271 4056 1419 4126 Philoso-

170 4153 316 4242 phorum
339 4150 545 4220 ethnioorum
570 4155 763 4232 commenta,
788 4155 823 4218 et
845 4154 926 4217 tuno
955 4149 1072 4217 iterum
1105 4149 1148 4215 ad
1192 4145 1422 4236 paganismum

169 4240 307 4310 reditus
328 4238 450 4328 planus
472 4246 570 4307 esset.
593 4238 636 4304 In
658 4244 754 4306 tanta
777 4237 913 4326 proinde
937 4237 1147 4325 corruptione
1170 4233 1423 4314 humana‚exnl-

170 4335 224 4398 tet
249 4329 360 4396 omnis
380 4328 491 4396 anima
513 4327 619 4395 bonae
641 4327 838 4406 voluntatis,
873 4325 902 4392 si
926 4324 1162 4393 auctoritatem
1198 4329 1339 4390 hnmana
1370 4343 1423 4389 su·

169 4417 341 4522 pei-iorem
363 4415 540 4503 designare
584 4414 694 4496 liceat,
740 4415 792 4482 oui
837 4415 975 4517 quisque
1019 4417 1124 4482 semet
1158 4411 1365 4514 submittere,
1388 4414 1423 4478 et

171 4511 271 4594 Juxta
295 4501 331 4572 S.
354 4503 496 4572 Paulum
520 4502 739 4593 Apostolum:
765 4507 938 4591 captivare
959 4500 1171 4571 1ntelleetum
1187 4503 1222 4568 in
1230 4500 1423 4587 obsequium

248 4705 268 4776 ¹)
287 4701 412 4760 Consule
430 4701 484 4760 hac
501 4702 536 4758 de
554 4717 585 4758 re
603 4699 764 4758 Bellarmin.
779 4701 814 4756 de
824 4699 903 4756 Rom.
910 4698 1009 4754 Pontii.
1022 4695 1084 4752 Orsi
1097 4697 1330 4754 deimelonnabili
1341 4696 1421 4754 Rom.

171 4776 322 4834 Pontifieis
338 4773 449 4842 judicio.
469 4773 589 4829 Perrone
609 4773 643 4826 de
663 4773 772 4826 dotibus
791 4772 902 4826 Primst.
924 4770 1003 4826 Rom.
1024 4769 1122 4824 Pontii.
1151 4769 1231 4839 Prop.
1259 4771 1282 4823 3.
