3420 5358
774 367 978 472 *mr*

260 595 294 655 et
317 589 541 676 Sacramenta,
572 610 655 678 quac
685 589 719 654 in
757 613 792 657 sc
832 596 867 656 et
904 613 963 679 per
997 613 1032 658 sc
1067 612 1159 658 sacra
1184 596 1272 672 sunt,
1299 596 1379 658 sunt
1402 597 1510 657 autem

259 677 345 745 aliae
369 700 422 744 res
446 698 568 758 sacrae,
593 699 677 764 quse
699 680 733 743 in
757 701 792 746 se
819 683 853 746 et
875 701 935 768 per
958 701 993 746 se
1031 700 1144 748 sacrae
1163 701 1229 744 non
1252 684 1341 759 sunt,
1365 679 1424 746 sed
1446 681 1513 745 ritu

259 787 354 832 sacro
377 766 420 832 ad
443 787 577 854 scopum
597 765 807 854 spiritualem
832 771 1078 848 consecrantur,
1102 767 1177 833 ideo
1199 774 1236 833 'et
1259 773 1410 834 sacratae
1433 789 1514 835 com·

259 853 436 942 pellantur,
461 853 573 941 qualia
596 860 675 920 sunt
698 864 848 944 tempora
873 862 907 922 et
930 855 1003 922 loca
1039 862 1180 937 sacrata,
1206 855 1246 921 de
1269 856 1389 944 quibus
1412 857 1514 924 Cano·

258 941 509 1098 nes'glcclesiae
532 942 774 1031 praescribunt,
799 956 833 1009 et
857 943 897 1010 de
921 945 1040 1028 quibus
1065 943 1234 1012 distinctis
1258 943 1426 1032 capitibus
1448 949 1515 1010 tra-

259 1035 335 1100 ctan
359 1054 416 1097 um
445 1034 506 1098 cst.

574 1168 610 1260 §-
632 1164 699 1246 48.
728 1166 791 1246 De
818 1165 1020 1268 Symbolo
1055 1166 1191 1248 Fidei.

355 1289 421 1356 Per
444 1288 639 1377 Symbolum
673 1289 749 1355 fidei
783 1289 1002 1376 intelligimus
1048 1291 1254 1379 complexum
1299 1291 1516 1360 articulorum

259 1377 338 1444 fidei
363 1377 586 1457 Christianae,
611 1376 723 1465 qualia
743 1377 839 1465 plura
852 1381 1003 1443 existunt
1026 1383 1060 1444 et
1083 1379 1236 1466 quidem:
1263 1381 1295 1458 l)
1320 1379 1516 1467 Symbolum

259 1466 556 1555 Apostolorum,2
595 1465 789 1553 Symbolum
825 1465 1017 1546 Nicaeum,
1051 1465 1085 1554 3)
1120 1467 1518 1536 Nicacno-Oonstantino·

261 1554 460 1642 politanum,
485 1575 549 1642 quo
588 1553 747 1706 ffertius
783 1555 939 1620 enunciat
981 1554 1205 1622 Divinitatem
1229 1555 1378 1644 Spiritus
1401 1556 1517 1625 Sancti

261 1647 378 1709 contra
401 1641 564 1708 haeresim
624 1640 827 1721 acedonii,4
863 1641 1058 1728 Symbolum
1082 1642 1113 1708 S.
1139 1643 1326 1710 Athanasii.

358 1728 497 1796 Praeter
521 1730 601 1797 haec
635 1729 794 1817 Symbola
826 1729 981 1795 existunt
1009 1736 1044 1796 et
1073 1730 1159 1796 aliae
1182 1731 1344 1799 formulae
1389 1733 1518 1821 profes-

262 1815 367 1884 sionis
391 1817 477 1898 fidei,
501 1817 676 1884 Articulos
699 1817 777 1882 fidei
802 1818 921 1884 clarius
945 1818 1159 1906 explicantes,
1187 1819 1267 1886 talis
1299 1826 1351 1887 est
1373 1821 1519 1887 formula

261 1904 1055 2061 lllissltlllllllsltlllllsslstlls
1073 1909 1519 2081 llslstlsltllltss

259 2081 462 2167 Mysterium
486 2082 714 2148 sanctissimae
738 2081 927 2161 Trinitatis,
951 2082 1114 2168 imprimis
1149 2084 1235 2171 quod
1266 2084 1412 2172 Spiritus
1437 2085 1518 2151 San-

261 2177 335 2236 ctus
359 2175 428 2235 tam
453 2192 472 2235 a
495 2171 598 2236 Patre
622 2191 719 2257 quam
740 2191 759 2234 a
782 2169 870 2235 Filio
894 2169 1060 2257 procedat.
1093 2169 1247 2238 Occurrit
1270 2171 1351 2239 haec
1375 2173 1517 2239 formula

260 2258 295 2322 in
321 2256 430 2345 capite
453 2279 513 2324 seu
535 2258 575 2323 ab
600 2257 697 2324 initio
721 2257 817 2322 Libri
853 2257 897 2322 1-i
931 2257 1154 2324 Decretalium
1181 2259 1260 2348 (lap.
1283 2259 1353 2344 II.;
1380 2264 1513 2348 insuper

260 2351 394 2432 praeter
416 2345 648 2412 Tridentinam
670 2367 690 2409 a
712 2341 774 2410 Pio
805 2344 867 2412 IV.
903 2344 1065 2411 Pontifice
1111 2355 1227 2412 contra
1259 2369 1414 2413 erroneas
1438 2349 1516 2414 Pro-

260 2433 459 2498 testantium
484 2434 652 2500 doctrinas
686 2433 720 2498 in
757 2433 858 2499 Bulla
881 2455 964 2520 quae
987 2434 1133 2522 incipit:
1163 2435 1373 2523 ,injunctum
1397 2437 1511 2502 nobis‘

262 2520 357 2585 1564.
381 2520 636 2609 promulgatam,
661 2521 805 2587 formula
836 2543 893 2608 per
928 2521 1110 2588 Pontifices
1134 2523 1332 2609 Gregorium
1356 2523 1455 2590 XIII.
1481 2529 1515 2590 et

261 2607 433 2676 Urbanum
456 2610 553 2678 VIII.
579 2632 638 2698 pro
662 2608 986 2677 Graeco-Catholicis
1009 2609 1043 2674 in
1068 2631 1185 2678 sensu·
1207 2611 1408 2679 decisionum
1434 2612 1516 2679 Ocn-

261 2696 330 2762 cilii
353 2696 544 2764 Florentini
566 2701 781 2788 praescripta.
805 2698 846 2764 In
870 2698 974 2763 sacris
985 2704 1096 2764 tamen
1108 2699 1338 2767 functionibus
1353 2703 1517 2768 recitatur

262 2783 455 2872 Symbolum
482 2785 1060 2874 NicacnoOonstantinopolitanum.

392 2966 427 3059 §-
456 2963 523 3044 49.
553 2964 616 3043 De
643 2963 847 3066 Liturgia
881 2962 1099 3044 Ecclesiae
1131 2965 1385 3046 Orientalis.

320 3133 322 3138 -
359 3086 517 3172 Liturgia
540 3109 599 3152 seu
623 3086 769 3154 officium
815 3087 965 3154 divinum
991 3110 1110 3153 sensu
1143 3088 1257 3153 latiori
1280 3094 1332 3154 est
1356 3088 1516 3156 definitus

263 3173 389 3242 cultum
413 3174 560 3241 divinum
587 3181 758 3242 externum
794 3175 935 3241 obeundi
962 3175 1085 3241 modus.
1132 3176 1206 3242 Huc-
1231 3176 1338 3262 igitur
1362 3182 1518 3264 spactant

263 3286 376 3331 omnes
399 3269 494 3330 actus
518 3268 552 3328 et
574 3263 671 3343 ritus,
712 3265 878 3334 orationes
918 3270 952 3329 at
984 3286 1106 3352 preces,
1131 3264 1251 3352 quibus
1296 3263 1450 3332 Ecclesia
1473 3265 1518 3330 ad

263 3351 484 3432 excitandum,
509 3351 716 3432 firmandum,
741 3352 993 3439 augendumque
1017 3351 1142 3418 cultum
1171 3352 1234 3418 Dei
1256 3351 1427 3419 internum
1450 3352 1518 3418 uti·

263 3448 329 3507 tur.
354 3441 450 3506 Unde
474 3439 574 3506 etiam
598 3440 742 3529 patescit
766 3441 818 3525 jus
842 3439 1072 3520 constituendi,
1109 3448 1209 3528 atque
1242 3441 1382 3507 curandi
1404 3439 1519 3506 Litur·

262 3528 362 3615 giam,
385 3529 566 3616 potestatis
589 3529 834 3595 ecclesiasticae
870 3534 997 3616 partem
1038 3551 1109 3594 esse
1153 3529 1375 3617 praecipuam.
1411 3529 1519 3595 Sensu

263 3622 375 3683 autem
398 3619 515 3683 stricto
538 3616 697 3702 Liturgia
728 3617 947 3682 orientalibus
985 3623 1037 3682 est
1068 3617 1168 3683 Ritus
1192 3616 1381 3682 celebrandi
1408 3617 1518 3705 ipsum

264 3704 416 3772 divinum
437 3704 558 3771 bltaris
581 3704 788 3785 sacrificium,
813 3704 900 3792 quod
940 3705 1050 3770 cultus
1075 3704 1180 3770 divini
1204 3703 1421 3792 principalem
1445 3727 1519 3792 par·

264 3801 331 3858 tem
354 3792 468 3859 efficit.
492 3793 595 3858 Ritus
640 3793 789 3878 liturgici
813 3793 848 3858 in
872 3794 1057 3858 arctissima
1083 3815 1154 3858 cum
1179 3792 1416 3859 essentialibus
1439 3792 1518 3858 fidei

264 3881 465 3948 connexione
489 3880 663 3948 constituti
687 3888 775 3961 sunt,
800 3880 916 3946 horum
941 3881 1027 3945 enim
1051 3880 1199 3946 subsidio
1222 3880 1300 3947 fidei
1324 3903 1519 3968 morumque

264 3974 441 4058 praecepta
464 3968 655 4049 traduntur,
680 3975 886 4044 sacramenta
910 3966 1153 4049 ministrantur,
1182 3969 1319 4054 ipsaque
1342 3967 1518 4054 religionis

265 4058 456 4124 substantia
478 4056 677 4124 sustinetur.
701 4053 868 4143 Liturgia,
893 4057 944 4121 uti
967 4055 1001 4120 in
1025 4057 1155 4122 actibus
1179 4064 1213 4122 et
1229 4057 1351 4123 ritibus
1369 4057 1517 4136 tacitam,

264 4147 314 4210 ita
336 4147 370 4210 in
395 4146 598 4212 orationibus
622 4151 656 4211 et
678 4144 831 4234 precibus
852 4166 1041 4246 expressam
1065 4144 1145 4246 fidei
1166 4145 1405 4232 professionem
1411 4141 1519 4246 ,esbi-

265 4232 331 4313 bet,
354 4234 493 4320 proinde
516 4234 622 4322 liquet
645 4233 705 4301 hos
729 4235 825 4313 ritus,
850 4257 885 4298 1n
909 4254 946 4298 eo
963 4231 1049 4319 quod
1065 4233 1143 4299 fider
1160 4233 1318 4319 dogmata
1330 4240 1519 4321 respiciunt

266 4327 458 4388 constantes
482 4345 542 4389 nec
567 4322 746 4388 variabiles
770 4344 841 4390 esse
873 4321 1002 4386 debere.

266 4502 301 4595 ξ.
330 4497 398 4580 50.
426 4499 741 4581 Concordantia
769 4498 997 4600 Liturgiae
1026 4498 1218 4580 Graecae
1234 4519 1331 4577 oum
1344 4497 1515 4579 Latina.

363 4643 483 4711 Omnes
512 4644 689 4732 Liturgiae
734 4643 946 4712 orientalium
972 4649 1014 4710 'et
1048 4639 1303 4710 occidentalium
1337 4646 1519 4730 tantopere

267 4733 413 4804 interae
437 4731 646 4814 concordant,
671 4738 710 4800 ut
734 4754 934 4799 communem
973 4730 1108 4796 illarum
1141 4730 1266 4795 fontem
1299 4730 1518 4818 apostolicam
