3464 5366
916 393 959 458 90

832 489 1035 498 ——-——-

314 613 453 680 eundem
476 613 626 681 hebeoet
650 635 710 699 ego
732 613 857 698 Filius3
906 637 980 680 orro
1004 615 1104 680 habet
1127 612 1239 680 Peter·
1249 612 1429 714 procedere
1456 612 1557 700 Spiri-

313 706 386 768 tum
408 699 566 768 Sanctum
590 723 611 768 a
631 723 677 781 se,
701 708 736 768 et
759 723 821 788 ego
843 637 946 769 haheo
969 700 1146 791 procedere
1169 699 1332 789 Spiritum
1355 699 1515 768 Sanctum
1540 721 1559 797 a

313 810 375 874 me,
398 787 476 874 quia
500 789 608 856 omnia
630 811 714 877 quae
737 789 839 856 habet
860 791 972 871 Pater,
997 811 1068 857 mea
1106 795 1195 870 sunt,
1242 792 1419 876 propterea
1465 788 1557 855 dixi:

314 877 392 962 quia
416 875 455 942 de
478 899 549 942 meo
572 878 713 966 accipiet
736 876 882 966 Spiritus
907 878 1060 958 Sanetus,
1107 882 1141 944 et
1182 875 1400 942 annunciabit
1444 875 1558 962 vobis;

314 987 410 1051 quem
433 970 467 1031 et
489 965 499 1031 i
526 986 560 1031 se
582 965 692 1032 Filius
714 964 899 1048 insuflavit,
923 974 958 1033 et
981 965 1074 1034 dedit
1097 964 1271 1054 discipulis
1309 963 1380 1030 suis
1425 964 1557 1030 diceus:

314 1051 469 1142 Accipite
517 1052 654 1141 piritum
699 1053 868 1121 Sanctum.
914 1053 1079 1135 Profecto,
1124 1052 1309 1120 Ecclesiam
1354 1051 1558 1120 Orientalem

314 1139 519 1210 Catholicam
543 1163 672 1230 semper
694 1141 873 1208 credidisse
895 1141 1136 1230 processionem
1159 1140 1308 1229 Spiritus
1331 1138 1474 1207 Sanctia
1496 1139 1558 1207 Pa-

314 1237 368 1296 tre
390 1226 553 1318 Filioque,
578 1228 677 1296 testis
701 1234 753 1296 est
775 1227 809 1297 S.
832 1229 1039 1311 Hermisdas,
1063 1228 1120 1318 qui
1143 1250 1229 1296 anno
1253 1225 1361 1295 adhuc
1383 1226 1458 1294 521.
1482 1227 1559 1295 scri-

313 1325 375 1405 pta
398 1317 441 1384 ad
463 1316 702 1419 Imperatorem
724 1317 749 1384 J
751 1317 899 1387 catinum
922 1316 1078 1408 Epistola
1119 1316 1257 1386 scribit:
1304 1314 1453 1396 „Notum
1498 1322 1559 1398 est,

315 1404 393 1494 quia
415 1426 585 1510 proprium
611 1410 664 1473 est
685 1405 777 1489 Filii,
800 1410 841 1473 ut
864 1429 903 1474 ex
926 1406 1029 1475 Patre
1054 1405 1151 1473 Patri
1173 1409 1367 1472 nasceretur
1389 1403 1559 1493 aequalis;

313 1514 484 1582 proprrum
507 1492 656 1581 Spiritus
679 1492 792 1561 Sancti
817 1498 857 1562 ut
879 1494 919 1562 de
942 1494 1045 1561 Patre
1067 1498 1103 1562 et
1124 1492 1221 1562 Filio
1248 1491 1451 1582 procederet,
1498 1491 1559 1559 sub

314 1603 385 1648 una
406 1580 597 1649 substantia
618 1581 815 1648 Deitatis.¹‘¹
853 1582 901 1651 Et
924 1582 956 1651 S.
990 1580 1328 1670 SyncdusEphesina
1361 1579 1561 1668 approbavit

314 1668 504 1757 Epistulam
527 1669 730 1822 Spnodicam'
751 1669 784 1737 S.
834 1670 930 1760 yrilli
952 1668 1175 1738 Alexandrini
1212 1668 1254 1735 ad
1291 1667 1494 1750 Nestorium,
1525 1668 1560 1735 in

315 1779 381 1842 qua
404 1756 438 1824 S.
460 1757 554 1845 Cyril
569 1780 615 1824 us.
634 1757 715 1824 haec
738 1756 860 1825 habet:
886 1758 992 1839 „Nam
1016 1758 1080 1824 etsi
1104 1756 1252 1844 Spiritus
1275 1755 1310 1822 in
1332 1756 1467 1845 propriu
1490 1778 1561 1846 per·

305 1867 397 1912 sona
421 1845 597 1930 subsistat,
621 1852 760 1912 eatenus
783 1846 817 1911 in
841 1868 876 1914 se
899 1847 971 1935 ipso
995 1845 1233 1926 consideretur,
1256 1850 1421 1933 quatenus
1459 1844 1560 1947 Spiri-

314 1940 371 2000 tus
394 1938 455 2014 est,
481 1937 515 1999 et
537 1955 603 1999 non
625 1932 745 2014 Filius,
770 1934 826 2000 sed
851 1940 962 2001 tamen
986 1956 1050 2000 non
1075 1939 1128 2001 est
1149 1933 1278 2000 alienus
1287 1932 1329 1998 ab
1343 1952 1390 2013 eo,
1412 1932 1559 2021 Spiritus

315 2020 402 2102 enim
426 2020 583 2087 veritatis
605 2020 805 2100 nominatur,
830 2028 865 2088 et
887 2021 1043 2090 Christus
1078 2027 1130 2089 est
1160 2020 1296 2101 veritas,
1343 2027 1378 2088 et
1422 2020 1561 2109 proinde

315 2131 443 2198 quoque
466 2108 508 2175 ab
531 2108 600 2189 illo,
624 2115 725 2198 atque
748 2131 767 2174 a
790 2109 882 2176 DEO
905 2110 1008 2177 Patre
1029 2109 1240 2199 precatura)
1263 2107 1560 2176 Exhocsufficien·

314 2207 368 2263 ter
413 2203 495 2277 atet,
519 2196 912 2284 Constantinopolitanae
935 2197 1114 2279 Ecclesiae,
1143 2217 1241 2286 quam
1286 2195 1319 2264 S.
1365 2195 1560 2264 Theodorus

316 2219 477 2365 Studites,
501 2290 708 2370 segmentum
732 2284 935 2353 haereticum
959 2307 1030 2353 esse
1054 2285 1150 2368 dixit,
1175 2287 1226 2352 cui
1250 2283 1396 2352 solemne
1419 2290 1482 2366 est,
1516 2285 1557 2351 ab

315 2372 390 2439 aliis
413 2372 574 2440 Ecclesiis
597 2372 790 2458 frequenter
811 2372 971 2456 abscindi,
995 2373 1031 2440 id
1053 2395 1182 2463 quoque
1215 2372 1386 2461 proprium
1416 2393 1498 2454 esse,
1521 2379 1561 2439 ut

314 2461 350 2527 in
373 2460 534 2549 Spiritum
560 2460 718 2528 Sanctum
742 2468 851 2547 erret3
876 2462 1149 2550 quemadmodum
1171 2461 1272 2528 etiarn
1307 2460 1434 2548 primus
1479 2460 1561 2528 Con·

316 2547 638 2636 stantinopolitanus
660 2548 912 2630 Haeresiarcha,
950 2550 1149 2617 Patriarcha
1193 2547 1420 2630 Macedoniae,
1463 2547 1560 2636 juxta

315 2634 431 2705 Nilum
454 2635 703 2724 Metropolitum
727 2637 861 2720 Rhodii,
885 2638 1032 2726 Spiritus
1055 2637 1171 2706 Sancti
1194 2636 1301 2704 hostis
1325 2642 1407 2704 eret.
1432 2635 1561 2719 Quodsi

315 2730 427 2792 autem
450 2723 840 2811 Constantinopolitanos
863 2725 1060 2814 objectionis
1084 2726 1185 2813 hujus
1208 2725 1296 2793 circa
1318 2723 1416 2791 fidem
1440 2723 1560 2792 Catho-

315 2812 397 2879 licae
420 2811 590 2880 Ecclesiae
613 2811 654 2880 de
673 2812 822 2902 Spiritus
845 2814 959 2880 Sancti
983 2814 1192 2902 processione
1214 2811 1329 2902 pudet,
1362 2819 1397 2880 et
1428 2811 1562 2880 nonnisi

315 2905 416 2989 prout
438 2899 686 2968 recentissimus
709 2900 819 2969 Codex
842 2902 1011 2971 Canonum
1039 2900 1430 2989 Constantinopolitanus
1464 2899 1561 2966 Pida·

315 2989 394 3070 lion,
418 2988 548 3055 ultimis
571 2989 720 3055 seriebus
743 2989 853 3056 Notae
876 2989 972 3055 2dae
997 2989 1040 3056 ad
1062 2989 1143 3058 Can.
1167 2988 1213 3056 ΙΙ.
1227 2987 1367 3058 Concilii
1384 2988 1469 3055 sexti
1483 3008 1563 3055 uon·

316 3077 380 3142 nisi
402 3076 607 3143 additionem
628 3076 815 3164 particulae
836 3077 991 3166 Filioque
1023 3077 1172 3164 symbolo
1212 3077 1336 3145 iactam
1382 3083 1560 3162 oggerunt,

315 3171 417 3252 atque
438 3164 524 3232 hanc
545 3165 651 3252 ipsam
669 3164 808 3252 primam
832 3166 920 3233 sicut
942 3172 978 3233 et
988 3165 1140 3233 ultimam
1153 3164 1324 3232 scissionis
1336 3163 1561 3233 Ecclesiarum

225 3261 229 3268 '
315 3275 446 3322 causam
471 3275 543 3320 esse
566 3252 692 3332 dicunt,
717 3253 945 3320 meminerint:
970 3253 1142 3341 Synodum
1165 3252 1377 3340 Ephesiuam,
1424 3261 1456 3320 et
1479 3251 1562 3322 Con-

218 3351 220 3358 '
315 3341 649 3428 stantinopolitanam
672 3340 733 3408 IV.
756 3341 976 3429 prohibuisse,
1001 3348 1036 3409 et
1058 3341 1233 3430 prohibere
1255 3347 1388 3407 tantum
1400 3340 1561 3428 potuisse,

314 3453 356 3496 ne
377 3430 512 3520 privata
534 3427 740 3520 auctoritate
762 3451 823 3518 per
844 3430 1031 3497 Ecclesiam
1054 3431 1245 3497 universam
1269 3429 1423 3496 stabilito
1468 3427 1562 3516 Sym·

315 3517 390 3585 bolo
413 3516 542 3605 aliquid
565 3515 730 3603 addatur;
755 3517 813 3584 sed
835 3518 1020 3586 Ecclesiam
1056 3539 1091 3584 se
1128 3517 1233 3606 ipsam
1260 3537 1320 3585 nec
1342 3515 1561 3606 prohibuisse,

315 3627 375 3672 nec
398 3606 499 3671 etiam
522 3604 697 3694 prohibere
718 3604 881 3694 potuisse,
905 3629 946 3674 ne
969 3606 1042 3694 ipsa
1065 3628 1130 3694 qua
1162 3605 1328 3692 Magistra
1359 3611 1394 3672 et
1415 3603 1563 3692 Legisla·

315 3693 385 3759 trix
407 3713 468 3780 pro
491 3693 740 3760 confirmatione
756 3693 835 3760 fidei
858 3694 1078 3775 Christianae,
1103 3715 1186 3782 quae
1210 3695 1414 3760 necessariae
1449 3699 1563 3760 essent

314 3779 394 3848 fidei
418 3779 628 3848 definitiones
651 3780 811 3869 Symbolo
828 3782 1001 3863 insereret,
1014 3781 1288 3870 quemadmodum
1296 3781 1563 3850 additamentum

315 3867 500 3957 particulae
521 3869 676 3957 Filioque
699 3868 742 3934 ad
764 3868 971 3956 Symbolum,
995 3891 1055 3959 per
1077 3868 1225 3936 eamdem
1247 3869 1354 3959 ipsam
1374 3868 1486 3938 totius
1501 3868 1562 3936 Ec-

315 3956 435 4024 clesiae
458 3955 656 4044 Magistrum
672 3956 707 4023 in
730 3956 878 4025 Concilio
902 3957 1120 4025 Oecumonico
1142 3956 1362 4026 Lateraneusi
1406 3956 1468 4026 IV.
1515 3955 1563 4024 f-

315 4051 405 4112 ctum
429 4051 490 4111 est.
528 4044 624 4128 Quod
644 4045 700 4133 jus
723 4046 806 4112 haec
829 4044 985 4132 Syncdus
1008 4045 1226 4113 Oecumenica
1249 4046 1387 4135 perinde
1432 4044 1562 4123 habuit,

315 4131 587 4221 quemadmodum
611 4127 767 4222 Syncdus
790 4133 1163 4236 constantinopolitana
1199 4134 1252 4200 l·a
1297 4156 1385 4224 quae
1429 4132 1589 4201 addidit'

315 4220 474 4308 Symbolo
498 4222 617 4308 verba;
664 4221 699 4287 ui
722 4244 742 4287 a
765 4221 868 4287 Patre
890 4220 1051 4310 procedit,
1075 4227 1110 4289 et
1134 4222 1273 4311 reliqna.

410 4308 475 4375 Sed
499 4309 614 4377 dicunt
637 4244 1010 4380 Constantinopolitani.
1034 4314 1145 4378 tamen
1169 4306 1564 4377 saltemHonoriusPon-

314 4395 401 4464 tifex
424 4395 611 4466 haereticus
635 4398 712 4465 luit.
737 4397 901 4479 Profecto,
926 4397 1075 4466 Concilia
1097 4398 1210 4487 priora
1234 4395 1563 4466 Oecumenicamodo

315 4490 432 4552 contra
454 4485 566 4553 alium.
590 4485 998 4576 constantinopolitanum
1021 4486 1297 4555 Haercsiarcham
1330 4484 1564 4554 Patriarcham

388 4687 409 4789 ζ)
428 4685 476 4758 Ep.
497 4687 611 4743 LXXIX.
632 4685 705 4758 apud
723 4687 808 4743 Labb.
829 4687 905 4744 Tem.
927 4686 969 4743 1v.
991 4685 1046 4743 Col.
1068 4686 1146 4742 1553.

399 4761 408 4830 )
429 4761 506 4832 Apud
526 4761 610 4815 Labb.
632 4760 707 4815 Torn.
727 4761 770 4814 ΙΙΙ.
793 4759 848 4815 Col.
869 4759 930 4814 4116.
951 4761 974 4828 §-
996 4758 1037 4813 10.
