3468 5368
926 291 967 360 16

791 385 798 394 ¹
841 387 1047 398 ——n--u—-t

315 511 412 580 hodie
435 534 559 580 mecum
582 509 706 578 crisin
728 511 890 598 paradiso.
916 510 982 580 Sed
1005 502 1063 578 nec
1075 510 1273 578 Sanctorum
1284 506 1560 576 Patriarcharum

314 599 349 667 et
371 599 614 687 Prophetarum
637 597 812 666 eliberatio
835 621 876 666 ex
898 601 969 666 loco
1002 597 1205 665 detentionis
1239 620 1297 686 per
1328 599 1562 682 resurgentem

315 686 495 769 Christum,
514 689 615 776 juxta
638 683 774 753 eandem
807 685 1010 754 Graecorum
1043 685 1272 753 orthodoxiam
1303 686 1428 752 veritas
1464 688 1561 750 esset.

315 774 381 844 Sed
404 773 473 843 fors
495 775 532 842 in
553 797 591 842 eo
614 779 689 841 tota
712 773 911 841 orthodoxia
933 775 1137 843 Graecorum
1160 773 1332 854 consistet,
1342 770 1431 860 quod
1440 775 1569 857 negato.

316 862 443 930 visibili
466 863 576 952 capite
599 867 634 929 et
657 865 771 930 centro
795 861 944 930 Unitatis
967 862 1146 942 Ecclesiae,
1164 867 1224 938 ,tot
1247 859 1418 930 Ecclesiae
1447 858 1567 926 consti·

315 957 416 1018 fuant
437 959 519 1040 quot
541 951 670 1037 Regna,
694 973 778 1038 quae
802 975 821 1016 a
843 950 988 1039 propriis
1012 949 1158 1037 Synodis
1181 956 1354 1037 regantur.
1385 945 1461 1014 Hoc
1498 945 1568 1034 qui·
1655 1022 1665 1036 ι

316 1038 389 1108 dem
412 1039 564 1107 omnibus
587 1039 687 1106 sectis
710 1060 881 1106 commune
904 1045 965 1120 est,
989 1037 1195 1106 institutioni
1204 1037 1332 1105 Christi
1349 1042 1383 1104 et
1396 1034 1569 1103 doctrinae

209 1149 214 1156 ·
315 1126 456 1202 Petrum
473 1126 664 1208 adversum,
700 1148 780 1193 vera
813 1135 848 1194 et
878 1124 1158 1216 perniciosissima
1187 1124 1436 1210 haeterodoxia,
1476 1144 1567 1210 quae

316 1214 465 1370 dogpnagi
488 1235 547 1370 pter
581 1236 708 1282 omnem
743 1213 926 1286 Ecclesiam
962 1214 1001 1280 de
1029 1213 1172 1282 Unitata
1202 1214 1373 1282 Ecclesiae
1405 1211 1567 1291 confesso,

316 1325 377 1370 con
394 1326 430 1369 ra
455 1325 525 1370 1cr.

317 1483 352 1576 ξ.
382 1481 449 1580 20.
476 1481 540 1563 De
567 1480 635 1580 iis,
666 1503 779 1583 quae
806 1479 1001 1570 Ecclesia
1029 1481 1197 1562 Graeca
1210 1503 1298 1562 non
1313 1477 1570 1560 unitatenct

295 1625 300 1634 ·
660 1617 662 1625 '
766 1607 811 1687 ct
845 1604 1147 1708 profiteturr).
1193 1616 1196 1620 ’

410 1748 562 1817 Ecclesia
585 1749 713 1818 Graeca
737 1751 949 1818 schismatica
972 1750 1168 1839 profitetur:
1186 1750 1219 1837 1)
1230 1749 1569 1836 dogmaCatholioum

316 1837 357 1905 de
380 1838 515 1906 Christo
539 1837 716 1906 Salvatore
739 1844 774 1904 et
797 1837 1021 1926 Redemptore
1045 1839 1169 1919 mundi,
1205 1835 1311 1926 deque
1344 1837 1567 1904 Revelatione

271 1968 276 1978 ·
315 1948 375 2014 per
397 1925 568 1993 Christum
592 1926 692 2006 facta,
707 1927 777 1993 'tam
800 1949 877 1992 uam
900 1928 971 1992 sola
994 1926 1445 2014 salutiferaveritate,atque
1461 1945 1569 1992 neces-

315 2015 419 2080 sitate
441 2013 520 2081 fidei
543 2014 584 2079 ad
609 2013 761 2080 salutem.
779 1947 971 2081 (Concilium
993 2014 1339 2102 Hierosolymitanum
1363 2013 1460 2079 1672.
1485 2011 1566 2098 Cap.

315 2099 377 2168 IX.
402 2101 532 2194 inquit:
557 2101 742 2183 „credimus
766 2102 926 2167 neminem
949 2101 1023 2168 sine
1057 2103 1123 2170 fide
1154 2103 1277 2169 salvari
1325 2099 1494 2190 (Harduin
1527 2099 1566 2165 Τ.

315 2189 377 2255 ΧΙ.
402 2212 477 2278 pag.
500 2189 590 2276 239.)
614 2190 649 2278 2)
673 2189 825 2256 Ecclesia
848 2189 977 2258 Graeca
1001 2190 1108 2257 credit
1117 2190 1243 2257 Fontes
1256 2189 1485 2256 Revelationis
1496 2209 1569 2254 esse

229 2335 231 2342 ,
316 2299 442 2360 sacram
465 2277 666 2365 scripturam
691 2283 725 2344 et
748 2278 961 2346 traditionem
986 2277 1193 2363 (Orthodoxa
1224 2277 1395 2344 Confessio
1418 2277 1512 2344 Part.
1539 2275 1568 2342 1.

240 2389 242 2396 ’
316 2387 370 2453 qu.
394 2365 470 2453 402)
494 2365 530 2454 3)
553 2365 690 2520 Recipit
712 2366 862 2432 Ecclesia
886 2365 1015 2434 Graeca
1039 2389 1150 2433 omnes
1174 2367 1277 2432 libros
1307 2387 1419 2431 sacros
1453 2363 1569 2431 Eccle-

280 2497 283 2500 -
316 2456 386 2520 siae
409 2453 609 2520 Catholicae.
659 2454 791 2540 ynodus
814 2453 1235 2542 Hierosolymitana1692.
1260 2476 1313 2542 qu.
1337 2453 1404 2520 ΠΙ.
1438 2451 1567 2540 inquit:

317 2540 510 2623 „Ecclesiae
533 2539 702 2609 Catolicae
725 2541 873 2628 regulam
897 2547 1082 2630 sequentes.
1120 2565 1248 2616 sacram
1265 2542 1472 2629 'scripturam
1512 2561 1568 2606 eos

317 2651 428 2695 omnes
451 2630 658 2717 appellamus
681 2625 794 2710 libros,
827 2651 910 2717 quos
941 2632 981 2696 ab
1013 2630 1201 2698 Laodicena
1236 2629 1372 2718 Synodo
1403 2626 1566 2716 Cyrillus,

317 2719 389 2806 ipso
412 2717 544 2805 quidem
569 2723 773 2803 corrogante,
797 2718 955 2805 probatos
976 2725 1145 2803 recenset,
1182 2719 1225 2784 iis
1269 2719 1406 2805 insuper
1429 2714 1567 2795 additis,

317 2827 399 2894 quos
421 2805 630 2893 insipienter,
654 2805 784 2886 inscite,
809 2812 869 2871 aut
892 2807 997 2892 magis
1010 2806 1176 2876 malitiose
1188 2806 1324 2872 vocavit
1335 2803 1568 2894 apocryphos;

317 2893 513 2982 sapientiam
537 2894 695 2960 videlicet
718 2893 913 2966 Salomonis.
938 2893 1058 2960 librum
1081 2892 1215 2975 Jndfth,
1229 2893 1378 2974 Tobiam,
1402 2889 1569 2958 Draconis

316 2980 500 3064 historiam,
523 2981 698 3048 historiam
722 2979 902 3062 Susannae,
925 2981 1153 3064 Machabaeos,
1178 2988 1213 3048 et
1230 2981 1428 3070 sapientiam
1437 2979 1567 3047 Sirach.

315 3108 357 3119 -
382 3068 473 3152 Quos
497 3092 608 3137 omnes
632 3077 666 3136 et
689 3092 748 3136 nos
769 3069 956 3157 judicamus
980 3093 1051 3138 esse
1082 3071 1276 3152 Canonioos,
1301 3075 1336 3136 et
1360 3090 1487 3136 sacram
1512 3090 1569 3134 eos

296 3180 387 3224 vesse
410 3157 609 3244 scripturam
633 3157 892 3245 confitemur“.³)
1056 3167 1059 3170 '
1104 3155 1107 3160 ’
1468 3231 1471 3234 ,

310 3329 314 3334 ,
410 3245 445 3332 4)
469 3248 643 3313 Attamen
657 3245 763 3313 credit
785 3245 948 3328 Ecclesia,
973 3269 1078 3334 neque
1101 3268 1228 3344 sacram
1264 3244 1467 3334 scripturam
1492 3266 1568 3310 cum

299 3379 302 3386 '
315 3385 521 3394 ——n—-n

390 3445 408 3516 ¹)
427 3445 528 3502 Fontes
549 3434 612 3501 sont
631 3447 759 3517 publicae
781 3445 971 3504 confessiones
991 3449 1019 3500 et
1039 3444 1250 3513 declarationes
1290 3443 1387 3513 quales
1425 3446 1508 3498 sant:
1540 3442 1569 3512 1)

316 3515 459 3574 Confessio
478 3519 655 3574 Patriarchae
674 3518 789 3578 Genadii
809 3519 894 3591 (prius
914 3518 1024 3588 Georgii
1044 3518 1192 3588 Scholarii)
1211 3515 1371 3571 Mahomedi
1392 3515 1424 3570 ΙΙ.
1445 3519 1569 3585 postca-

314 3593 392 3659 ptam
411 3589 681 3662 Constantinopolim
702 3591 832 3654 exhibita,
852 3591 954 3662 publici
971 3590 1042 3660 juris
1061 3589 1135 3644 facta
1154 3590 1184 3643 in
1205 3605 1304 3658 opere:
1335 3587 1569 3656 'lurco-graeciae

315 3661 379 3716 libri
398 3665 460 3718 octo
479 3681 497 3718 a
514 3663 633 3719 Martino
653 3661 749 3719 Crusio
768 3661 855 3720 Basil.
877 3663 922 3717 fol.
944 3661 1063 3716 1584-t0.
1088 3663 1118 3727 ¹2)
1138 3662 1208 3716 Acta
1228 3665 1255 3715 et
1275 3660 1384 3729 Scripta
1398 3658 1568 3728 ·'lheologo·

315 3751 377 3788 rum
395 3734 686 3804 Wittembergensium
707 3739 734 3789 et
771 3735 949 3789 Patriarchae
988 3732 1287 3804 Constantinopolitani
1323 3732 1355 3785 D.
1393 3731 1568 3786 Hieremiae:

316 3805 419 3860 Graece
439 3811 466 3861 et
485 3807 582 3862 Latine
602 3807 677 3862 edita
694 3807 910 3876 Wittembergae
937 3805 1015 3861 1584.
1036 3806 1063 3876 3)
1102 3803 1247 3860 Confessio
1272 3802 1466 3872 Metropolitae
1493 3803 1569 3858 Petri

315 3878 439 3948 Mogilas
460 3877 644 3946 Chioviensis,
664 3880 698 3934 de
717 3880 798 3935 Anno
808 3877 886 3934 1643.
907 3880 985 3948 cujus
1002 3878 1158 3932 novissima
1178 3876 1280 3932 editio:
1302 3873 1468 3928 Orthodoxa
1497 3873 1571 3929 Con-

316 3950 400 4006 fessio
420 3949 569 4006 Orientalis
587 3952 726 4006 Ecclesiae
745 3951 847 4021 prodiit
866 3949 1050 4004 Vratislaviae
1070 3949 1147 4004 1751.
1169 3948 1193 4004 8.
1228 3947 1257 4016 l)
1283 3946 1439 4002 Declaratio
1462 3947 1570 4016 Synodi

305 4023 408 4090 ,quoad
426 4022 630 4079 confessionem
650 4021 885 4090 Calvinianorum,
905 4023 980 4093 apud
998 4021 1129 4077 Harduin.
1158 4021 1227 4074 Acta
1264 4017 1451 4074 Conciliorurn
1488 4017 1567 4072 Tom.

315 4095 359 4149 XI.
379 4110 440 4164 pag.
461 4093 610 4150 179-274.
631 4095 658 4164 5)
677 4093 866 4166 Metrophanis
885 4093 1020 4164 Critopuli
1039 4089 1242 4148 declarationes
1261 4088 1571 4161 privatae,prodierunt

316 4167 366 4220 snb
386 4166 498 4221 nomine
518 4167 656 4222 confessio
676 4167 814 4222 Ecclesiae
833 4165 976 4222 orientalis
996 4162 1160 4220 Helmstadii
1181 4163 1259 4218 1661.
1280 4162 1304 4216 l.
1325 4160 1352 4230 6)
1377 4160 1469 4231 Opera
1479 4161 1570 4216 Thec-

315 4238 405 4308 logica
423 4239 471 4292 Th.
493 4239 693 4312 Procopovicz:
714 4238 871 4294 Christiana
890 4239 1045 4294 orthodoxa
1064 4236 1221 4306 Theologia.
1242 4233 1437 4304 Regio-monti
1462 4233 1570 4288 1773-

315 4309 375 4436 dbl
393 4309 428 4436 dr
442 4309 740 4439 Tomi7l7tgmp3endium
758 4310 826 4365 item
845 4309 1012 4380 Theologiae
1031 4326 1049 4364 a
1066 4310 1174 4377 Platon,
1193 4323 1307 4363 versum
1317 4303 1483 4362 Germanice
1503 4323 1568 4376 pro-

335 4399 373 4436 11.
447 4399 481 4438 aa
583 4425 588 4438 .
631 4426 636 4438 .
809 4403 812 4408 ·
1258 4432 1260 4438 ,

389 4453 409 4523 ²)
428 4400 546 4511 demina
564 4471 597 4510 ac
614 4456 736 4527 duplicia
754 4454 893 4510 Ecclesiae
913 4453 1043 4523 dogmata
1071 4455 1149 4508 sunt:
1178 4451 1234 4506 alia
1251 4451 1348 4512 ,literis
1376 4451 1511 4505 mandata
1539 4447 1570 4503 in

315 4523 403 4580 sacris
422 4527 575 4600 scalpturis,
595 4528 652 4601 alia
670 4529 736 4583 viva
753 4525 822 4583 voce
841 4527 875 4582 ab
895 4526 1039 4595 apostolis
1058 4525 1174 4592 tradita3
1194 4523 1323 4593 binisque
1343 4524 1388 4580 his
1402 4522 1571 4578 fundamen·

315 4599 352 4652 tis
370 4597 439 4654 fides
459 4604 649 4671 superstructa
668 4604 767 4656 exstat.
1234 4615 1238 4628 ¹
1506 4627 1513 4636 ·

390 4670 409 4741 ³)
429 4671 560 4729 Harduin.
582 4673 668 4730 Torno
687 4671 731 4727 XI.
751 4689 812 4743 pag.
840 4671 901 4727 258.
