3464 5366
798 242 902 342 112

243 463 427 532 Ecclesiam
450 465 566 530 omnia.
591 461 732 530 Joannis
757 461 808 527 14.
833 484 864 528 v.
889 461 940 526 20.
965 461 1048 529 Cum
1070 459 1132 527 hac
1164 458 1316 527 Ecclesia
1361 457 1486 539 solum,

244 574 303 620 seu
325 575 399 620 cum
421 551 567 620 Concilio
591 551 796 618 oecumenico
821 553 873 616 est
895 549 1051 617 Christus
1073 554 1234 636 perpetuo
1259 543 1489 614 omnibusdie-

244 641 306 708 bus
325 663 428 730 usque
452 640 495 706 ad
517 637 830 706 consummationem
854 636 987 704 saeculi.
1012 635 1135 717 Matth.
1161 636 1196 704 C.
1216 635 1268 701 28.
1293 657 1324 701 v.
1349 632 1400 700 20.
1425 633 1489 700 Αο-

245 749 308 817 que
331 729 411 796 baec
435 728 542 795 solum
565 726 725 807 Ecclesia,
771 747 846 792 uam
869 729 1101 813 repraesentat
1146 724 1300 813 Synodus
1346 743 1493 788 oecume-

244 817 319 883 nica
343 824 395 885 est
415 816 514 904 juxta
538 815 571 882 S.
594 814 737 880 Paulum
749 748 834 880 ql-ae
857 813 899 878 ad
922 813 1043 879 Timot.
1068 811 1103 880 C.
1129 812 1158 879 3.
1183 837 1213 879 v.
1250 811 1301 878 15.
1340 809 1493 877 Ecclesia

244 904 327 972 DEI
349 906 429 986 vivi,
453 903 605 971 columna
629 908 664 969 et
686 902 929 968 firmamentum
953 903 1118 969 veritatis.

244 1042 279 1135 §-
322 1038 415 1122 100.
456 1037 744 1134 Continuatio,
788 1035 843 1115 de
886 1034 1161 1116 Auctoritate
1199 1032 1493 1116 Consiliorum

244 1163 620 1247 oecumenicorum
641 1161 773 1266 juxta
813 1184 989 1242 sensum
1028 1159 1247 1241 Ecclesiae
1286 1159 1492 1240 Graecae.

339 1288 379 1355 In
404 1287 521 1355 iisdem
545 1285 788 1374 prolegomenis
812 1285 854 1351 ad
876 1282 1059 1352 Concilium
1090 1283 1274 1351 Nicaenum
1308 1283 1335 1350 I.
1372 1281 1491 1349 dicunt
1530 1355 1532 1362 ,

244 1397 343 1466 porro
367 1376 509 1444 Graeci:
533 1375 675 1442 Unicum
694 1373 839 1464 judicem
863 1371 1165 1440 controversiarum
1188 1371 1266 1438 fidei
1290 1393 1361 1438 esse
1406 1370 1489 1437 Con-

245 1464 357 1533 cilium
382 1463 633 1544 oecumenicum,
658 1485 697 1529 ac
719 1462 816 1529 simul
839 1482 1027 1549 supremum
1050 1459 1222 1527 Judicium
1258 1466 1293 1526 et
1328 1455 1494 1525 Tribunal

176 1606 180 1614 .
244 1554 280 1620 in
303 1554 411 1620 causis
434 1551 677 1633 ecclesiasticis,
700 1573 720 1616 a
744 1572 808 1638 quo
832 1549 902 1616 solo
925 1547 1018 1615 nulla
1060 1548 1160 1615 datur
1193 1546 1372 1636 appellata.
1404 1545 1494 1612 Hinc

245 1642 467 1708 concludunt:
492 1639 556 1707 Jus
580 1646 615 1706 et
637 1644 838 1728 potestatem
863 1660 961 1721 quam
983 1636 1085 1703 habet
1106 1635 1287 1703 Monarcha
1322 1634 1357 1700 in
1380 1633 1494 1722 politi-

244 1732 301 1811 cis,
325 1729 465 1797 eandem
487 1728 590 1795 habet
612 1713 767 1816 Synod'us
791 1725 998 1793 oecumenica
1021 1724 1056 1791 in
1087 1725 1248 1792 Ecclesia.
1294 1722 1494 1808 (Dositheus

146 1829 150 1840 ’
244 1817 279 1884 10
302 1817 429 1885 Dodica
452 1816 583 1882 Biblon.
608 1837 685 1903 pag.
709 1814 783 1880 309.
808 1820 845 1881 et
866 1813 956 1901 384.)

339 1905 431 1991 Ergo
451 1895 714 1992 'progrediuntur
737 1902 877 1970 Graeci:
901 1901 977 1969 Non
1001 1922 1095 1967 sacra
1118 1899 1293 1987 Scriptura
1318 1905 1496 1988 estsupre·

245 2014 317 2059 mus
337 1993 441 2082 judex
463 1992 764 2059 controversiarum
788 1990 874 2071 fidei,
909 1995 1010 2078 prout
1044 1987 1399 2056 LutheroCalviniani
1436 1987 1495 2052 ad-

245 2087 391 2162 struunt,
416 2080 475 2147 sed
496 2079 651 2168 Synodus
687 2077 912 2162 oecumenica;
940 2099 1034 2144 sacra
1057 2076 1145 2143 enim
1167 2074 1342 2164 Scriptura
1354 2077 1389 2142 in
1407 2075 1491 2140 mul-

244 2169 291 2236 tis
313 2169 395 2237 locis
418 2169 557 2236 obscura
580 2173 641 2248 est,
666 2172 701 2234 00
723 2167 864 2255 quilibet
886 2165 1075 2232 haereticus
1099 2164 1311 2252 depravando
1346 2166 1491 2250 scriptu-

244 2278 302 2323 rae
325 2279 456 2324 sensum
480 2255 626 2324 eamdem
650 2254 692 2321 ad
716 2254 994 2321 suamhaeresim
1018 2252 1191 2341 applicuit.
1215 2252 1305 2334 Ideo,
1341 2272 1493 2318 necessa-

244 2345 315 2412 rius
338 2351 390 2412 est
412 2343 603 2411 infallibilis
625 2343 883 2432 Interpretatcr,
908 2342 965 2430 qui
988 2347 1040 2408 est
1063 2340 1135 2407 sola
1158 2340 1314 2429 Synodus
1347 2361 1496 2408 oecume-

244 2432 328 2515 nica,
349 2433 445 2521 juxta
468 2432 500 2500 S.
525 2431 764 2518 Augustinum,
788 2430 845 2518 qui
869 2430 969 2496 dicit:
996 2428 1092 2510 „Non
1138 2429 1303 2520 crederem
1348 2427 1497 2516 quatuor

245 2521 451 2609 Evangeliis,
475 2521 539 2586 nisi
562 2519 733 2587 Ecclesiae
756 2518 949 2586 Catholicae
972 2541 1024 2582 me
1047 2520 1258 2584 convinceret
1270 2517 1492 2584 auctoritas.“

244 2608 325 2676 Ideo
349 2609 471 2675 nemini
494 2609 574 2675 licet
595 2607 831 2687 contradicere,
856 2615 916 2672 aut
939 2606 1133 2694 obsequium
1157 2606 1321 2692 denegare
1355 2603 1496 2693 Synodo

245 2696 479 2777 oecumenicae,
500 2696 558 2784 qui
580 2695 772 2764 Catholicus
796 2695 959 2761 nominari
983 2699 1017 2758 et
1041 2715 1113 2759 csse
1136 2693 1221 2761 vult.
1268 2693 1434 2776 Quoniam
1458 2697 1497 2758 et

244 2786 335 2874 Papa
357 2784 568 2851 anathemate
591 2783 672 2850 ferit
694 2783 780 2862 illos,
805 2783 862 2870 qui
886 2804 952 2848 non
976 2781 1132 2848 obediunt
1164 2781 1322 2850 Conciliis
1346 2801 1499 2848 oecume-

244 2873 338 2954 nicis,
384 2879 419 2940 00
463 2871 528 2960 ipsi
574 2871 720 2939 Snodo.
768 2869 834 2952 Qui
878 2869 1060 2936 Ecclesiam
1106 2892 1171 2936 non
1205 2869 1361 2949 audierit,
1405 2867 1494 2935 dicit

244 2961 398 3029 Christus
420 2958 543 3027 Matth.
572 2965 582 3022 l
612 3010 619 3024 .
644 2983 676 3026 v.
701 2959 820 3039 17.,sit
842 2958 906 3026 tibi
930 2960 1016 3026 sicut
1040 2957 1195 3026 ethnicus
1219 2963 1254 3026 et
1275 2956 1497 3046 publicanus,

244 3050 333 3116 idest
355 3049 396 3114 ab
419 3046 568 3114 Ecclesia
591 3046 765 3138 expulsus⁸⁴

244 3186 279 3280 ἐ.
310 3182 403 3266 101.
432 3183 695 3265 Graecorum
712 3181 938 3263 Sententia
952 3182 1006 3262 de
1019 3184 1199 3262 numero
1211 3123 1488 3283 Synodorum

675 3308 1062 3390 oecumenicarum.

337 3433 443 3505 Porro
467 3434 583 3502 dicunt
607 3434 727 3503 Graeci
749 3435 785 3499 in
797 3433 1040 3522 prolegomenis
1053 3429 1094 3497 ad
1111 3429 1296 3499 Concilium
1309 3429 1499 3497 Nicaenum

244 3523 293 3590 l.:
319 3523 505 3605 „Convenit
529 3532 563 3590 et
585 3522 621 3589 id
645 3522 798 3607 adjicere,
822 3521 910 3610 quod
933 3519 968 3586 in
993 3520 1139 3587 veritate
1163 3523 1289 3608 septem
1327 3521 1395 3586 sint
1417 3524 1495 3583 tan·

246 3622 316 3679 tum
339 3611 465 3698 Synodi
489 3614 724 3691 oecumenicae,
749 3612 903 3698 quoniam
926 3609 992 3674 illis
1016 3608 1096 3674 solis
1118 3607 1229 3675 Notae
1267 3629 1377 3675 omnes
1415 3605 1495 3672 cha·

244 3701 470 3768 raoteristicae
492 3699 630 3766 Concilii
657 3701 853 3765 oecumenici
877 3697 1017 3764 adscribi
1042 3701 1191 3784 possunt,
1217 3702 1251 3764 ct
1287 3699 1363 3786 qnia
1387 3693 1500 3761 omnis

244 3790 428 3856 necessaria
450 3789 587 3854 scientia
611 3789 645 3852 in
667 3787 781 3852 iisdem
806 3786 944 3852 definita
968 3793 1028 3850 est.
1053 3782 1133 3850 Ideo
1144 3808 1256 3852 omnes
1269 3788 1514 3874 quaestiones,-

244 3899 328 3964 quae
351 3899 392 3944 ex
413 3875 569 3942 Definitis
593 3881 627 3940 et
649 3874 803 3941 Decretis
826 3897 885 3961 per
908 3873 1039 3940 easdem
1063 3879 1189 3960 septem
1212 3872 1364 3961 Synodos
1388 3894 1494 3938 emer-

243 3971 371 4051 gerent,
395 3963 492 4031 facile
516 3962 600 4029 solvi
623 3969 771 4049 possunt.
797 3962 883 4029 Sunt
920 3968 1031 4026 autem
1077 3961 1154 4027 illae
1195 3968 1322 4049 septem
1362 3959 1496 4048 Synodi

245 4053 489 4120 oecumenicae:
514 4051 661 4119 Nicaena
683 4049 722 4131 1.,
744 4049 1115 4137 Constantinapolitana
1139 4049 1177 4130 Ι.,
1205 4048 1501 4139 Ephesina‚Chal-

245 4142 444 4222 aedonensis,
469 4137 841 4226 Constantinopolitano
863 4137 910 4204 Π.
935 4135 1065 4218 00111,
1089 4144 1124 4204 00
1147 4137 1294 4206 Ν100000
1329 4137 1397 4204 11.“

245 4281 275 4373 ἕ.
308 4277 399 4359 102.
426 4276 617 4358 Examen
645 4273 895 4356 Sententiae
924 4272 1187 4398 Graecorum
1216 4273 1359 4376 quoad
1382 4272 1496 4354 Con-

656 4401 759 4484 cilia
792 4398 1081 4483 oecumenica.
1119 4403 1122 4408 ’

338 4526 448 4594 Primo
472 4531 607 4592 etanta
631 4528 738 4591 omnia
762 4525 932 4591 suboritur
955 4528 1125 4615 quaestio:
1171 4523 1294 4591 Utrum
1339 4521 1495 4592 Concilia

246 4619 450 4684 oecumenica
473 4618 540 4682 sint
563 4615 711 4683 absolute
734 4616 963 4697 necessarium,
988 4619 1023 4682 et
1047 4617 1180 4682 unicum
1192 4609 1399 4699 gubernandi
1425 4611 1500 4682 Ec-
