3464 5366
806 383 847 484 ee

293 603 329 671 C.
353 605 428 672 390.
452 605 655 695 Apprecatio
678 603 876 692 Imperatori
900 604 1092 684 christiano,
1130 609 1166 671 et
1210 601 1376 696 Episcopo
1396 605 1440 674 ad

203 689 321 758 multos
344 713 457 759 anuos.
1188 731 1191 738 v

293 799 329 868 C.
352 799 426 868 391.
451 801 501 868 De
524 800 639 869 ordine
662 801 789 869 sedium
811 799 1115 870 Patriarohalium:
1139 801 1319 882 Romanae,
1358 801 1442 872 Con-

201 887 527 976 stantinopolitanae,
550 889 809 970 Alexandrinae,
833 889 1063 956 Antiochense
1087 893 1121 956 et
1136 887 1440 959 derosolimitanae.

291 995 327 1065 C.
352 995 425 1064 392.
450 999 501 1065 De
523 997 756 1088 metropolitis,
780 998 838 1088 qni
860 997 985 1066 habent
1008 997 1248 1086 suffraganeos.

291 1105 328 1176 G.
353 1107 425 1174 393.
449 1107 500 1174 De
522 1107 685 1175 Exarchis
708 1112 743 1175 et
765 1107 993 1196 Metropolitis
1018 1107 1441 1198 bonorepraecellcntibns.

291 1215 328 1284 Ο.
351 1216 426 1284 394.
450 1217 636 1306 Dignitarii
659 1240 719 1286 seu
741 1216 903 1286 officiales
925 1217 1022 1285 aulae
1045 1217 1300 1309 Episcopornm:
1324 1220 1443 1288 Archi-

198 1303 373 1388 mendrita,
396 1305 680 1396 Protosyneellus,
704 1313 739 1374 et
761 1305 948 1395 Synoellns,
971 1328 1111 1396 quornm
1147 1308 1276 1396 priores
1298 1307 1363 1378 duo
1386 1307 1443 1377 Je-

198 1392 395 1476 romonaohi,
417 1393 558 1462 ultimus
580 1393 763 1462 Monachus
786 1402 918 1463 tantum
941 1393 1112 1462 Diaconna
1144 1403 1205 1464 est.

290 1502 326 1570 C.
350 1503 423 1570 395.
449 1503 559 1573 Tituli
581 1504 862 1586 Patriaroharnm,
887 1504 1051 1572 Romani:
1075 1505 1316 1588 Felicissimus,
1361 1506 1442 1575 San-

199 1587 372 1673 ctissimus,
395 1591 548 1661 adinstar
567 1592 775 1680 Angelorum
797 1593 831 1658 in
855 1592 989 1662 Christo
1012 1591 1116 1660 Pater
1136 1593 1277 1661 Petrum
1311 1601 1346 1662 et
1376 1595 1442 1661 Do-

86 1745 91 1760 ,
199 1676 341 1747 minator
362 1681 507 1749 omnium
525 1681 795 1770 Apostolicarum
803 1679 1039 1749 Ecclesiamm.
1053 1679 1420 1771 constantinopolitani
1433 1707 1446 1749 :·

197 1763 433 1835 Sanctissimae
456 1769 654 1838 Patriarcha
676 1771 913 1837 oecumenicus.
938 1768 1180 1837 Alexandrini:
1203 1769 1442 1838 Sanctissimae

195 1850 357 1923 Dominus
379 1856 471 1946 Papa
494 1865 529 1926 et
550 1857 750 1926 Patriarcha
772 1856 997 1926 Alexandriae
1042 1864 1078 1924 st
1122 1858 1230 1925 totins
1274 1858 1439 1950 Aegypti,

195 1937 424 2030 Pentapoleos,
447 1947 526 2013 item
551 1945 681 2036 Lybiae
701 1953 736 2013 et
758 1945 967 2034 Aethiopiae.
991 1945 1216 2014 Antiochenii
1262 1945 1440 2014 Sanctissi-

195 2051 265 2097 mns
287 2031 391 2100 Pater
413 2031 611 2102 Patriaroha
635 2055 774 2122 magnae
797 2033 948 2102 civitatis
981 2033 1211 2102 Antiochense
1255 2043 1290 2102 et
1334 2036 1441 2102 totius

193 2118 383 2186 Anatoliae.
405 2119 431 2190 J
432 2122 690 2190 erosolimitani:
715 2121 953 2190 Sanctissimae
975 2121 1080 2191 Pater
1100 2121 1299 2191 Patriarcba
1344 2123 1440 2191 dero-

194 2206 404 2276 eolimitanae
425 2211 519 2279 urbis
542 2216 577 2278 et
599 2213 707 2279 totins
729 2211 930 2279 Palestinae.

287 2319 321 2387 A
343 2317 500 2408 Capitulo
524 2319 722 2408 saeuaque
743 2321 887 2402 417·nm,
912 2320 1076 2389 formulae
1120 2319 1311 2403 stilisticae,
1358 2319 1437 2388 dum

192 2404 310 2473 scribit
331 2406 440 2474 Metro
464 2409 547 2475 olita
570 2409 670 2477 alteri
693 2408 939 2498 Metropolitae,
964 2409 1019 2476 vel
1042 2407 1218 2500 Episcopo,
1242 2409 1298 2478 vel
1342 2409 1439 2477 Prin-

192 2493 320 2582 cipibus
343 2507 404 2562 eto.
459 2498 672 2566 estimonium
695 2498 889 2566 confessarii
914 2495 1141 2585 adspirantem
1186 2497 1229 2564 ad
1252 2519 1364 2565 sacros
1388 2520 1439 2564 or·

192 2582 285 2649 dines
308 2583 403 2652 nulla
423 2585 676 2673 irregularitate
695 2586 863 2655 irretitum
886 2607 968 2653 esse.
992 2584 1236 2654 Testimonium
1280 2583 1440 2676 Episcopi

191 2667 382 2740 decollatis
405 2672 578 2741 ordinibus
600 2674 713 2742 sacris.
737 2673 873 2740 Litarae
895 2671 1159 2742 Jurisdictionis.
1199 2672 1441 2742 Absolutoriaa

188 2779 207 2824 a
230 2761 389 2828 censuris.
412 2760 549 2829 Literae
571 2755 870 2853 superbenedicta
892 2783 989 2830 cruce
1012 2761 1055 2829 ad
1070 2761 1308 2830 aedificandam
1326 2759 1440 2832 Eccle-

188 2845 282 2928 siam,
306 2848 360 2917 vel
383 2844 634 2920 Monasterium.
657 2849 794 2918 Literna
816 2850 1038 2938 delegationis
1060 2850 1103 2918 ad
1121 2849 1303 2939 Synodum.
1327 2845 1439 2918 Testi-

188 2935 348 3004 moniales
370 2960 470 3027 snper
492 2938 740 3006 consecratione
763 2939 931 3027 Episcopi.
956 2939 1092 3006 Literae
1125 2939 1308 3027 passueles,
1353 2937 1435 3005 item

187 3021 231 3090 ad
253 3024 423 3094 iaciendas
446 3027 642 3094 collationes
663 3029 745 3115 pias,
761 3049 829 3116 ,pro
852 3028 1079 3116 redemptione
1103 3028 1323 3116 captivorum.
1346 3025 1438 3094 Lite·

187 3132 245 3179 ree
266 3135 367 3202 snper
389 3115 499 3182 soluto
523 3116 733 3183 matrimonio
756 3117 797 3182 ob
821 3114 1023 3182 malitiosam
1047 3116 1278 3196 desertionem,
1292 3114 1440 3182 obadul·

187 3199 322 3282 terium,
345 3203 387 3268 ob
409 3202 453 3270 im
479 3205 651 3284 atentiam,
675 3205 716 3270 ob
740 3226 804 3270 non
827 3203 1100 3292 competitionem
1130 3225 1270 3292 peregre
1293 3202 1440 3292 profecti

187 3289 350 3378 conjugis,
374 3289 415 3357 ob
437 3227 660 3368 obsessionem
683 3313 704 3359 a
726 3291 892 3371 daemone,
917 3291 958 3358 oh
981 3289 1017 3358 id
1039 3291 1128 3381 quod
1152 3293 1294 3359 maritus
1317 3291 1439 3360 absens

187 3398 252 3446 non
277 3378 394 3446 mittat
416 3379 576 3448 alimenta
597 3378 707 3448 uxori.

481 3569 584 3640 Pars
603 3569 660 3640 11.
688 3569 851 3642 codicis
879 3567 1138 3659 „Pravila“:

663 3732 958 3802 Nomocanon.

275 3890 517 3981 complectitur
539 3887 621 3957 haec
642 3911 720 3978 pars
743 3887 892 3958 Concilia
914 3884 1131 3965 oecumenica,
1155 3879 1436 3984 etpertioularias

186 3981 268 4048 item
290 3979 441 4048 Canaces
463 3985 654 4047 sanctornm
676 3977 815 4046 Petrum
838 3985 939 4066 prout
961 3975 1094 4044 Oenone
1115 3971 1162 4040 11.
1173 3969 1314 4072 Consilii
1336 3969 1435 4072 Trul-

185 4068 256 4136 lani
279 4073 526 4147 enumerentur,
550 4088 664 4134 verum
688 4066 863 4156 synoptico
886 4072 1019 4132 tantum
1043 4069 1078 4129 et
1101 4083 1172 4128 cum
1187 4057 1436 4160 scholirsschrs·

186 4156 302 4224 matici
324 4154 493 4240 Aristeri;
518 4153 595 4222 hnic
618 4163 730 4222 temen
752 4151 844 4243 parti
867 4151 1029 4220 secundae
1052 4148 1209 4218 Pravilae
1254 4145 1438 4216 substitue·

185 4251 267 4314 runt
288 4243 401 4334 graeci
423 4242 621 4313 distinctum
643 4241 787 4312 codicem
809 4241 990 4322 Oanonum,
1015 4238 1069 4307 aui
1092 4258 1238 4306 nomen:

660 4417 965 4492 Pldellon.

274 4553 452 4644 Significat
473 4555 735 4644 gubernaculum
757 4553 865 4623 Navis
895 4572 956 4619 sen
999 4547 1179 4618 Ecclesiae.
1226 4541 1337 4615 Codex
1382 4540 1437 4608 hio

186 4647 315 4710 textum
339 4644 509 4714 canonum
532 4645 701 4746 integrum
724 4643 859 4744 exhibet
881 4663 955 4742 cum
978 4637 1049 4706 inte
1092 4633 1258 4702 rotatione
1292 4652 1353 4722 per
1373 4629 1435 4732 Sp·

186 4729 308 4800 nodum
331 4731 737 4822 constantinopolitanam
760 4729 1005 4800 schismaticam
1050 4722 1261 4812 spretam,
1308 4717 1435 4808 produt
