3420 5358
728 358 1011 462 gar,

286 577 487 643 busmodus
509 577 688 644 adhibendi
712 578 885 648 materiam
909 579 1070 666 Baptismi
1106 581 1332 666 praescriptus
1376 589 1435 645 est.
1481 579 1528 645 Et

287 663 418 750 quidem
443 663 662 732 dubitandum
685 688 750 733 non
775 672 836 747 ast,
860 689 879 733 a
902 672 1051 755 tempore
1074 665 1313 754 Apostolorum
1336 689 1443 754 usqne
1487 667 1528 732 ad

286 753 452 819 saeculum
472 753 571 819 XIII.
596 754 798 822 ablutionem
822 755 857 820 in
880 755 1052 842 Baptismo
1077 754 1244 821 ordinarie
1266 777 1327 842 per
1348 755 1527 821 immersio·

286 863 371 921 nem,
397 863 461 929 qua
484 839 702 909 denotaretur
725 865 758 907 se
783 843 897 909 ultura
915 835 1056 923 Christi,
1080 843 1239 929 viguisse,
1263 851 1363 930 atque
1387 865 1446 930 per
1468 843 1527 908 tri-

205 931 208 940 ’
285 951 361 994 nam
384 928 622 994 immersionem
647 930 690 996 ad
713 933 744 995 in
771 931 904 1006 icandos
928 936 997 998 tres
1021 929 1101 1011 dies,
1148 930 1267 1018 quibus
1313 930 1469 998 Christus
1492 931 1527 995 in

285 1016 435 1104 sepulcro
478 1017 621 1103 jacebat.
647 1017 712 1100 Qui
735 1019 810 1086 huic
834 1021 928 1086 modo
952 1017 1144 1106 baptizandi
1189 1017 1379 1101 adhaerent,
1428 1023 1528 1106 prout

285 1104 657 1192 Constantinopolitani‚
681 1113 863 1193 provocant
886 1109 927 1174 ad
951 1107 983 1174 S.
1007 1106 1148 1172 Paulum
1172 1107 1370 1192 Apostolum
1394 1107 1429 1172 in
1449 1105 1529 1194 Epi·

284 1194 375 1259 stola
395 1193 436 1258 ad
459 1193 627 1260 Romanos
650 1193 728 1282 Cap.
753 1194 813 1262 VI.
837 1219 868 1260 v.
893 1197 923 1262 4.
949 1195 1128 1263 dicentem:
1181 1193 1395 1282 ,Consepulti
1441 1200 1528 1260 enim

284 1303 397 1347 sumus
420 1303 479 1368 per
501 1281 708 1369 Baptismum
733 1304 804 1350 cum
830 1282 889 1348 illo
912 1285 946 1349 in
971 1288 1141 1363 mortem‘,
1166 1283 1246 1348 item
1264 1282 1527 1350 adColossenses

284 1368 362 1457 Cap.
386 1368 432 1436 Π,
456 1391 488 1436 v.
514 1368 583 1434 12:
612 1369 825 1458 ,Consepulti
849 1371 879 1437 ei
901 1372 937 1437 in
959 1371 1140 1459 Baptismo,
1164 1370 1199 1436 in
1223 1392 1287 1458 quo
1326 1377 1361 1436 et
1383 1389 1528 1437 resurre-

283 1455 383 1522 xistis
407 1456 586 1544 perfidem
610 1459 813 1545 operationis
837 1459 930 1541 Dei‘,
955 1465 990 1525 et
1013 1465 1178 1547 asserunt,
1202 1463 1244 1524 ad
1279 1458 1428 1525 validum
1466 1458 1529 1523 Ba·

283 1544 441 1632 ptismum
465 1543 521 1612 SS.
543 1544 723 1612 Trinitatis
746 1546 987 1632 invocationem
1012 1569 1076 1612 non
1099 1546 1262 1628 sufficere,
1287 1569 1359 1614 cum
1394 1555 1528 1635 praeter

283 1632 381 1698 fidem
404 1635 437 1697 in
461 1634 705 1700 sanctissimam
728 1633 929 1702 Trinitatem
974 1636 1164 1723 requiratur
1208 1635 1243 1699 in
1288 1633 1538 1720 regenerandis

284 1721 384 1786 etiam
407 1719 490 1787 fides
513 1723 546 1796 iu
571 1725 706 1787 mortem
723 1722 873 1804 Domini,
898 1745 981 1812 quae
1025 1724 1059 1787 in
1083 1722 1254 1810 Baptismo
1300 1744 1359 1810 per
1405 1723 1528 1788 trinam

284 1811 522 1874 immersionem
546 1808 683 1895 perinde
706 1811 845 1897 exprimi
870 1811 977 1893 debet,
1002 1811 1090 1876 sicut
1112 1809 1195 1876 fides
1218 1811 1251 1875 in
1271 1811 1526 1878 sanctissimam

220 1909 224 1916 '
283 1895 493 1962 Trinitatem.
518 1896 642 1964 Verum
667 1900 694 1962 si
718 1920 812 1964 secus
836 1899 994 1965 collatum
1017 1900 1191 1987 Baptisma
1215 1899 1380 1986 rejiciant,
1427 1903 1526 1986 prout

283 1984 647 2072 Constantinopolitani
671 1985 840 2074 Baptisma
862 1987 1061 2054 Latinorum
1084 2009 1148 2053 non
1172 2008 1231 2074 per
1253 1987 1375 2052 trinam
1401 1987 1527 2051 immer-

283 2076 404 2138 sionem
429 2072 585 2139 collatum
609 2073 776 2159 rejiciunt,
803 2082 936 2159 errant,
963 2098 1021 2142 nec
1044 2074 1130 2139 enim
1154 2075 1320 2140 immersio
1366 2075 1446 2154 sola,
1470 2075 1527 2138 sed

180 2236 183 2251 ,
283 2160 421 2240 ablutio,
446 2183 506 2226 nec
529 2161 619 2226 trina
643 2162 781 2242 ablutio,
806 2162 864 2231 sed
887 2164 995 2232 solum
1018 2163 1146 2228 ablutio
1169 2185 1228 2249 per
1251 2162 1422 2230 Christum
1434 2183 1524 2250 prae·

283 2249 407 2334 scripta
431 2254 502 2313 est:
531 2249 621 2328 ,Nisi
644 2251 716 2336 quis
742 2257 876 2316 renatus
900 2252 1003 2316 fuerit
1027 2272 1174 2338 exaqua,
1197 2250 1246 2315 ait
1256 2249 1422 2331 Christus,
1435 2251 1523 2330 item,

282 2337 502 2422 baptizantes,
527 2336 614 2402 idest
638 2338 811 2404 abluentes
836 2361 900 2419 eos,
925 2339 988 2427 qui¹
1007 2337 1208 2405 crediderint
1230 2339 1265 2402 in
1312 2338 1444 2412 nomine
1466 2337 1526 2403 Pa-

282 2425 357 2505 tris,
383 2430 417 2490 et
440 2424 531 2508 Filii,
557 2430 591 2491 et
614 2425 761 2513 Spiritus
785 2425 928 2493 Sancti.l
956 2427 1021 2494 Sed
1045 2425 1412 2513 Constantinopolitani
1434 2425 1525 2491 Lati-

282 2534 341 2578 nos
364 2534 429 2578 non
452 2515 684 2599 immergentes
708 2511 902 2581 damnantes
925 2537 985 2582 nec
1007 2519 1039 2580 in
1064 2514 1167 2581 sacris
1209 2512 1398 2580 Canonibus
1438 2513 1525 2580 inve-

175 2649 178 2660 .
282 2600 353 2667 nire
376 2607 517 2690 possunt
540 2622 618 2668 suae
642 2602 828 2669 sententiae
853 2602 892 2669 de
904 2602 1290 2671 absolutaimmersionis
1306 2602 1341 2667 in
1352 2601 1523 2689 Baptismo

282 2690 480 2755 necessitate
503 2689 721 2776 praesidium,
745 2689 864 2758 Canon
882 2691 969 2757 enim
992 2691 1030 2757 L.
1056 2690 1113 2757 SS.
1131 2689 1369 2777 Apostolorum
1378 2689 1523 2756 statuit:

286 2776 340 2857 ,Si
353 2777 427 2865 quis
442 2799 504 2842 non
528 2776 594 2842 tria
617 2777 717 2844 unius
741 2779 898 2867 Mysterii
921 2780 1124 2866 baptismata
1146 2777 1333 2866 perfecerit,
1350 2777 1409 2845 sed
1425 2800 1524 2845 unum

280 2866 455 2950 baptisma,
480 2865 567 2952 quod
591 2864 690 2930 datur
714 2868 746 2933 in
773 2872 910 2932 mortem
933 2867 1077 2945 Domini,
1103 2866 1297 2954 deponatur,
1322 2873 1387 2932 non
1418 2863 1521 2946 enim

281 2953 365 3018 dixit
385 2952 547 3018 Dominus
570 2953 606 3017 in
631 2959 766 3019 mortem
791 2976 894 3019 meam
927 2955 1126 3042 baptizate.f
1178 2954 1223 3020 Et
1268 2953 1401 3021 Oenone
1446 2952 1523 3022 VII.

280 3040 419 3107 Concilii
443 3040 805 3128 Constantinopolitani
828 3041 881 3108 I.:
928 3042 1127 3109 Eunomiani
1152 3049 1273 3122 autem,
1298 3042 1430 3130 quinne
1445 3063 1525 3106 mer·

279 3131 371 3194 sione
394 3128 578 3217 baptizant,
602 3129 828 3217 rebaptizandi
852 3132 1121 3219 praecipiuntur;
1146 3130 1226 3196 adeo
1251 3153 1292 3196 ue
1327 3153 1368 3195 ex
1391 3130 1443 3195 his
1467 3127 1525 3196 Ca·

279 3216 419 3282 ncnibus
443 3216 527 3282 nihil
550 3217 586 3282 in
609 3219 807 3305 praesidium
831 3218 940 3286 dictae
985 3221 1170 3286 sententiae
1215 3153 1358 3304 allegari
1402 3222 1524 3304 potest,

279 3307 388 3392 priore
413 3308 498 3370 enim
522 3304 655 3373 Oenone
677 3307 881 3388 refutantur,
905 3307 1019 3395 quiin
1045 3311 1183 3372 mortem
1208 3306 1336 3373 Christi
1351 3305 1525 3393 baptizant

280 3393 380 3459 semel
404 3392 638 3479 immergendc,
664 3394 723 3462 sed
745 3395 989 3464 invocationem
1018 3394 1077 3472 ,SS.
1102 3394 1283 3460 Trinitatis
1330 3391 1523 3473 omittendo,

300 3504 377 3547 uam
401 3505 467 3548 non
490 3483 709 3549 necessariam
733 3505 814 3563 esse,
839 3481 897 3548 sed
921 3483 990 3548 solo
1013 3480 1102 3548 facto
1126 3482 1225 3548 unius
1245 3481 1467 3547 immersionis
1489 3481 1524 3545 in

279 3505 527 3635 denotationem
552 3575 668 3636 mortis
692 3570 819 3637 Christi
844 3573 941 3638 semel
968 3571 1138 3658 sepulcro¹
1164 3571 1307 3636 immersi
1351 3569 1525 3657 Baptisma

278 3658 458 3747 perfectum
482 3681 553 3725 esse
577 3658 764 3740 credebant.
789 3659 839 3724 De
863 3660 1079 3725 Eunomianis
1103 3665 1224 3738 autem,
1250 3662 1363 3746 aperte
1376 3656 1524 3724 Theodo-

279 3752 371 3813 retus
394 3745 497 3812 Libro
520 3749 550 3811 4.
575 3746 614 3812 de
637 3747 889 3813 Haereticorum
935 3747 1058 3812 fabulis
1104 3746 1182 3834 Cap.
1218 3746 1247 3812 3.
1294 3745 1524 3812 testimonium

278 3834 430 3923 perhibet
454 3835 585 3901 dicens:
615 3835 817 3915 ,Eunomius
841 3836 949 3901 sancti
974 3836 1074 3900 etiam
1089 3835 1309 3922 Baptismatis
1322 3833 1430 3919 legem
1444 3833 1521 3898 olim

279 3945 298 3988 a
322 3922 463 3989 Domino
488 3930 522 3990 ct
545 3923 719 4011 Apostolis
743 3923 901 3989 traditam
927 3925 1058 4004 evertit,
1084 3929 1118 3988 et
1159 3922 1359 3989 contrariam
1386 3922 1522 4002 -sanxit,

278 4032 344 4080 non
368 4016 520 4099 oportere
542 4011 694 4099 inquiens
712 4016 765 4076 ter
787 4011 883 4078 illum
905 4010 1109 4097 immergere,
1133 4009 1190 4099 qui
1215 4011 1416 4098 baptizatur,
1464 4032 1524 4077 nec

278 4100 433 4165 invocare
456 4098 670 4178 Trinitatem,
695 4098 752 4164 sed
777 4099 876 4165 semel
901 4099 1074 4185 baptizare
1099 4100 1135 4164 in
1179 4098 1307 4165 Christi
1352 4103 1519 4164 mortem.‘

279 4187 367 4267 ldec,
393 4187 455 4276 ipsi
481 4209 610 4275 quoque
634 4187 873 4256 Photianorum
897 4186 995 4252 multi
1019 4210 1084 4252 non
1108 4192 1240 4252 tantum
1264 4185 1321 4275 qui
1352 4187 1387 4251 in
1417 4186 1524 4273 Impe-

279 4274 328 4340 rio
351 4275 532 4341 Austriaco
556 4282 645 4356 sunt,
671 4275 785 4341 sedet
811 4277 844 4339 in
868 4275 1008 4343 Graecia
1033 4298 1097 4341 non
1121 4297 1179 4363 per
1202 4273 1523 4355 immersionem,sed

278 4384 337 4451 per
355 4363 561 4443 infusionem,
587 4383 683 4451 quem
707 4365 747 4428 ba
773 4364 898 4428 tizandi
924 4363 1055 4428 modum
1090 4386 1148 4428 nec
1176 4362 1331 4429 Pidalion
1376 4362 1522 4444 damnat,

278 4451 470 4537 baptizant;
495 4451 530 4516 id
552 4457 700 4517 testatur
722 4386 899 4517 Riodinus
924 4451 1081 4534 Graecus,
1106 4453 1140 4516 in
1165 4451 1308 4520 Graecia
1332 4450 1390 4516 diu
1415 4473 1522 4516 versa·

278 4548 344 4619 tus,
370 4539 402 4603 in
428 4539 574 4627 Synopsi
597 4562 656 4606 sua
680 4539 860 4606 Doctrinae
884 4539 1093 4606 Christianae
1117 4540 1156 4606 de
1174 4538 1522 4629 Baptismoscribens:

282 4627 366 4708 ,Ter
389 4650 507 4717 aquam
530 4650 629 4715 super
652 4651 736 4709 eum,
761 4627 816 4713 qui
841 4628 1034 4716 baptizatur
1057 4628 1271 4709 infundimus,
1296 4634 1334 4695 ut
1357 4627 1389 4694 S.
1415 4627 1524 4694 Trini-

278 4720 394 4797 tatem,
418 4715 512 4804 cujus
536 4715 666 4783 nominc
689 4716 908 4805 baptizamur,
936 4717 1168 4784 declaremus}
