3426 5368
220 610 468 699 comprobatum
492 615 544 678 est
569 611 662 700 (sine,
696 610 750 679 vel
774 611 904 682 omissis
937 615 1105 680 rationum
1140 610 1327 691 momentis,
1350 609 1471 700 quibus

220 699 469 788 comprobatum
484 699 938 789 est)quodReuseonventus
972 699 1175 768 adulterium
1198 698 1470 779 commiserit...

219 786 275 853 vel
298 787 478 855 seeundum
501 788 792 855 circumstantias:
821 790 1004 874 ,Quoniam
1025 789 1116 855 facta
1138 788 1236 876 plene
1259 787 1471 940 comprobata

219 874 402 942 violentam
424 877 726 964 praesumptionem
765 877 895 944 faciunt
927 878 1237 945 Reumoonveutnm
1270 875 1336 942 adu
1350 877 1472 942 terium

219 964 464 1050 commisisse‘;
488 964 543 1032 vel
570 965 753 1049 ,Quoniam
791 970 982 1033 raetensum
997 965 1198 1033 adulterium
1216 985 1275 1054 per
1291 963 1472 1032 Reumoon·

217 1059 357 1120 ventum
380 1058 609 1142 perpatratum
635 1075 706 1120 esse
730 989 821 1119 uuila
845 1053 947 1142 legali
987 1055 1090 1143 proba
1113 1054 1360 1143 comprobatum
1383 1052 1471 1136 sit‘;

217 1139 274 1207 vel
302 1140 484 1223 ,Quoniam
509 1142 757 1230 comprobatum
790 1148 852 1224 est,
888 1165 946 1231 per
970 1149 1115 1210 actorem
1146 1148 1357 1230 praetensum
1381 1139 1473 1206 adul-

217 1228 297 1295 terii
322 1232 443 1298 crimen
467 1230 559 1296 nullo
583 1229 799 1298 fundamento
823 1231 917 1297 niti‘
969 1230 1095 1316 Quodsi
1118 1236 1230 1298 autem
1253 1235 1347 1296 actor
1369 1228 1470 1295 talem

217 1316 443 1406 separationis
465 1339 598 1385 causam
611 1317 802 1405 allegasset,
817 1341 902 1408 quae
915 1320 1045 1387 etiamsi
1059 1319 1283 1406 comprobata,
1300 1317 1471 1386 sufficiens

218 1404 261 1472 ad
284 1409 525 1494 separationem
572 1407 810 1474 enunciandam
846 1430 912 1474 non
945 1414 1006 1489 est,
1039 1407 1074 1474 id
1106 1407 1141 1473 in
1177 1408 1343 1475 sententia
1367 1406 1472 1494 expri-

217 1493 372 1561 mendum
396 1501 457 1575 est,
483 1518 513 1564 ιι.
537 1519 569 1581 g.
598 1496 781 1580 ,Quoniam
813 1496 904 1562 facta
939 1519 998 1585 per
1032 1501 1177 1564 actorem
1211 1517 1272 1584 pro
1294 1499 1472 1584 praetensa

217 1582 511 1650 maletractatione
535 1583 588 1650 vel
611 1584 752 1650 saevitie
791 1584 940 1671 allegata
961 1608 1026 1651 non
1049 1586 1157 1674 plene,
1181 1584 1237 1652 vel
1260 1583 1472 1673 comprobata

217 1693 284 1736 nou
308 1676 398 1753 sunt,
422 1672 558 1758 insuper
581 1693 655 1739 cum
690 1672 762 1760 ejus
792 1672 914 1740 indolis
959 1675 1039 1754 sint,
1072 1679 1111 1740 ut
1146 1673 1359 1762 comprobata
1382 1670 1471 1754 licet,

215 1764 331 1826 tamen
355 1759 526 1828 sufficiens
549 1760 802 1826 fundamentum
825 1762 1048 1850 separationis
1084 1762 1288 1830 constituere
1311 1783 1377 1826 non
1399 1781 1472 1846 pos·

218 1852 324 1914 sent‘
354 1847 557 1937 (Cardinalis
580 1849 753 1915 Rausoher
775 1850 863 1936 apud
887 1850 1083 1918 Kutsohker
1098 1850 1190 1916 Tom.
1214 1849 1256 1918 V.
1280 1872 1356 1939 pag.
1380 1846 1470 1938 931.)

374 2009 409 2104 ἓ.
438 2005 535 2088 241.
565 2008 627 2088 De
654 2008 899 2109 procedure
935 1978 1312 2090 extra-ordinaria.

315 2152 444 2235 Quodsi
489 2153 581 2221 facta
605 2177 624 2220 a
646 2154 717 2221 Reo
753 2175 817 2220 non
853 2160 1027 2240 negentur,
1052 2159 1087 2221 et
1109 2160 1149 2221 ut
1172 2155 1279 2221 famae
1325 2152 1471 2242 partium

215 2248 387 2329 pareatur,
418 2241 471 2310 vel
505 2264 546 2308 ex
580 2242 647 2308 alia
684 2242 782 2328 gravi
820 2243 952 2309 ratione
981 2243 1203 2310 necessarium
1241 2243 1407 2322 videatur,
1431 2246 1472 2307 ut

216 2331 388 2415 negotium
414 2351 511 2418 quam
535 2331 758 2398 secretissime
789 2337 1027 2418 pertractetur,
1061 2337 1176 2419 partes
1199 2329 1389 2396 immediate
1412 2329 1471 2396 tri·

216 2417 351 2483 bunalis
374 2419 628 2486 matrimonialis
652 2418 833 2506 praesidem
859 2419 1013 2486 accedere
1035 2425 1186 2507 possunt.
1206 2420 1389 2503 Postquam
1405 2419 1472 2484 iste

217 2511 422 2593 compertum
446 2507 610 2589 habuerit,
634 2506 819 2593 legitimam
854 2508 970 2575 adesse
1006 2507 1228 2596 separationis
1251 2527 1394 2587 oausam,
1417 2529 1472 2594 pa·

215 2593 354 2660 rochum
388 2595 440 2660 vel
476 2618 535 2684 pro
564 2618 600 2662 re
640 2602 719 2661 nata
747 2596 848 2661 etiam
880 2595 982 2662 alium
1014 2595 1218 2663 sacerdotem
1248 2594 1472 2662 admonitione

216 2680 311 2748 trina
335 2683 564 2750 restituendae
588 2684 781 2750 concordiae
805 2684 1067 2772 experimentum
1085 2684 1195 2752 iacere
1208 2684 1336 2773 jubeat,
1348 2683 1471 2749 effectu

216 2768 309 2835 haud
332 2771 508 2838 subsecuto
532 2771 660 2838 duobus
684 2772 865 2839 tribunalis
882 2771 1081 2838 consrliariis
1091 2772 1252 2839 adhibitis
1265 2771 1471 2838 seutentiam

215 2859 440 2945 separationis
462 2860 672 2948 pronunciet,
696 2861 731 2926 in
754 2882 819 2948 qua
842 2861 1009 2928 sententia
1039 2865 1176 2948 petente
1207 2866 1351 2950 utraque
1373 2865 1471 2948 parta

213 2945 291 3033 ipsa
313 2969 412 3013 causa
435 2949 655 3037 separationis
678 2948 780 3014 celari
792 2950 928 3035 poterit,
952 2953 997 3016 ita
1021 2955 1132 3016 temen
1153 2959 1193 3018 ut
1217 2949 1298 3018 haec
1320 2949 1470 3038 partium

214 3033 338 3122 petitio
361 3034 404 3102 ad
426 3037 645 3125 protocollum
669 3042 902 3104 assummatur.
936 3037 1025 3126 (244.
1049 3038 1169 3125 Instr.)

213 3213 252 3307 ἓ.
282 3211 377 3293 242.
407 3216 469 3296 De
490 3216 682 3298 remedio
697 3215 1019 3319 Appellationis
1036 3219 1187 3298 eontra
1201 3215 1469 3298 Sententiam

692 3320 993 3422 separationis.

312 3463 346 3530 A
368 3463 532 3532 decisione
556 3466 733 3533 tribunalis
756 3466 1012 3533 matrimonialis
1037 3465 1167 3554 conjux,
1193 3468 1249 3553 qui
1272 3488 1311 3532 ea
1334 3488 1370 3533 se
1394 3488 1469 3554 gra·

213 3555 332 3617 vatum
376 3553 572 3635 arbitratur,
607 3555 649 3621 ad
683 3554 861 3621 secundam
906 3554 1103 3621 instantiam
1135 3576 1315 3643 provocare
1346 3560 1468 3644 potest,

213 3638 420 3706 matrimonii
444 3640 610 3710 defensori
632 3643 694 3709 hoc
714 3643 790 3730 jure
813 3643 903 3710 haud
919 3647 1146 3731 competente;
1171 3642 1362 3711 intermissa
1376 3644 1468 3709 intra

213 3725 328 3794 decem
350 3750 369 3794 a
393 3733 685 3798 communicatione
699 3732 886 3798 sententiae
897 3731 968 3798 dies
981 3729 1218 3819 appellationis
1231 3730 1467 3814 insinuatione,

212 3817 384 3883 sententia
406 3817 455 3884 rei
474 3818 646 3904 judicatae
677 3819 744 3885 vim
775 3819 914 3886 obtinet.
960 3819 1101 3885 Duabus
1130 3818 1306 3886 sententiis
1340 3818 1469 3887 coufor-

214 3903 322 3970 mibus
345 3905 434 3987 latis,
458 3907 611 3975 ulteriori
636 3906 854 3997 appellationi
889 3909 980 3974 locus
1004 3907 1092 3973 haud
1127 3912 1289 3994 superest.
1314 3909 1355 3994 (ᾖ.
1393 3907 1466 3974 239.

211 3991 333 4076 Instr.)
378 3993 548 4061 Sententia
572 3995 612 4062 de
636 3997 844 4084 separatione
868 4021 888 4062 a
910 4003 984 4062 toro
1020 4006 1051 4061 et
1075 4017 1188 4061 mensa
1232 3995 1327 4062 nulla
1350 4001 1413 4070 est,
1438 3995 1467 4062 si

212 4102 234 4146 a
258 4079 368 4164 iudice
391 4105 456 4149 non
481 4091 688 4172 competente
713 4083 794 4164 lata,
807 4083 861 4150 vel
877 4089 972 4150 actus
990 4082 1103 4169 judicii
1120 4081 1309 4151 essentialis
1325 4083 1468 4150 omissus

212 4167 328 4249 fuerit,
352 4169 394 4234 ad
417 4193 499 4258 quos
523 4180 618 4240 actus
639 4172 756 4258 judicii
791 4172 986 4238 essentiales
1021 4171 1234 4237 interventus
1265 4179 1299 4238 et
1322 4171 1466 4239 influxus

213 4255 343 4322 vinculi
365 4259 567 4326 matrimonii
591 4260 775 4328 defensoris
810 4257 899 4326 haud
922 4264 1062 4348 spectat,
1098 4258 1247 4347 ideoque,
1279 4259 1404 4328 exhor
1427 4260 1468 4327 ti·

211 4343 298 4425 tulo,
323 4347 490 4413 sententia
514 4349 735 4436 separationis
772 4348 962 4437 impugnari
986 4347 1113 4434 nequit.

349 4525 385 4620 ξ.
414 4521 509 4604 243.
538 4525 601 4605 De
636 4523 1016 4630 redintegratione
1051 4523 1333 4610 matrimonii.
1462 4510 1465 4516 ’

310 4667 576 4757 Redintegratur
621 4671 872 4741 matrimonium
905 4694 967 4760 per
1003 4672 1267 4764 resumptionem
1313 4668 1477 4740 consortii

211 4754 409 4846 conjugalis,
445 4781 504 4847 per
526 4762 726 4830 seutentiam
762 4763 987 4850 separationis
1023 4782 1041 4826 a
1077 4765 1154 4830 toro
1178 4764 1213 4826 et
1237 4779 1351 4826 mensa
1374 4761 1477 4828 inter-
