3476 5366
835 385 1027 490 Q

301 603 418 760 ppituslo,
443 613 477 672 et
499 606 711 708 Dignitariis,
735 607 770 673 in
793 606 938 709 Synodo,
958 606 1056 710 juxta
1078 611 1208 694 tempus
1225 603 1455 672 ordinationis.
1474 604 1541 758 Qud

227 821 230 827 .
300 694 1163 869 aadhtvht“bratttttttttttr
1185 716 1251 849 ¹:23
1274 696 1543 849 thartha

300 870 492 956 pecuniaria
513 869 616 958 plecti
661 873 823 956 ossunt1).
855 870 942 938 Sunt
964 876 1075 937 autem
1109 892 1228 938 causae
1250 869 1475 950 rationabiles,
1499 869 1541 935 ob

301 981 425 1043 quasa
449 893 665 1048 comparendi
702 963 911 1039 excusantur,
946 957 1197 1046 impossibilitas
1228 963 1288 1026 aut
1317 958 1432 1045 gravis
1456 957 1541 1024 diffi-

300 1048 409 1116 cultas
440 1069 600 1129 accessus,
629 1051 669 1116 ut
693 1053 748 1116 ote
788 1047 829 1113 ob
880 1046 1135 1114 exundationam
1174 1068 1343 1136 aquarum,
1383 1048 1423 1114 ob
1458 1047 1542 1114 insc-

294 1138 478 1206 ,curitatem
499 1136 639 1216 viarum,
665 1070 741 1202 dein
763 1134 953 1215 infirmitas,
968 1135 1130 1222 imprimis
1146 1157 1224 1204 vero
1241 1133 1331 1204 salus
1355 1133 1543 1224 spiritualis

299 1224 457 1307 fidelium,
481 1246 565 1310 quae
588 1224 628 1291 ob
651 1223 835 1292 absentiam
858 1222 1000 1290 Parochi
1022 1223 1057 1292 in
1082 1223 1214 1292 defectu
1248 1245 1309 1312 sup
1335 1222 1435 1290 lentis
1458 1221 1542 1312 peri·

299 1313 485 1381 elitaretur.
509 1312 576 1396 Qui
599 1311 654 1377 vel
677 1311 773 1378 tarde
796 1310 838 1377 ad
861 1311 1032 1399 Synodum
1053 1317 1253 1400 comparent,
1277 1247 1336 1380 ved
1355 1318 1434 1379 ante
1456 1311 1542 1378 solu-

299 1401 424 1468 tionem
446 1399 574 1489 Synodi
597 1400 779 1484 discedunt,
802 1401 852 1466 ita
873 1399 1060 1488 puniuntur
1074 1399 1162 1468 sicut
1185 1403 1240 1489 qui
1263 1407 1541 1489 noncomparent.

299 1604 334 1697 ἓ.
366 1573 458 1684 118.
486 1601 549 1683 De
576 1599 768 1704 ObJectis
795 1601 852 1682 ad
878 1599 1104 1703 Synodum,
1125 1602 1426 1684 dioecesanam
1452 1624 1543 1704 spe·

805 1748 1037 1833 ctantibus

394 1917 450 1985 Ad
473 1917 647 2006 sphaeram
676 1916 801 2005 Synodi
842 1916 1054 1984 dioecesanae
1092 1923 1239 2007 spectat:
1264 1921 1299 2006 a)
1322 1919 1466 1987 Decreta
1487 1941 1543 2007 po-

299 2007 414 2076 stremi
437 2005 580 2075 Oonoilii
602 2005 818 2094 provincialis
848 2004 1099 2072 auctoritates.
1124 2007 1212 2074 sedis
1249 2007 1452 2096 apostolicae
1474 2030 1530 2075 cor

297 2094 467 2176 roborata,
493 2100 527 2161 ct
551 2094 809 2162 constitutiones
823 2092 1009 2180 pontificias
1032 2095 1243 2182 promulgare
1266 2101 1302 2163 et
1323 2095 1366 2162 iis
1389 2095 1543 2164 effectum

296 2204 482 2271 procurare.
507 2183 588 2250 Pius
611 2182 672 2250 VI.
696 2179 731 2249 in'
753 2181 853 2248 Bulla
877 2180 1063 2266 dogmatica
1091 2183 1289 2264 ,Auctorem
1301 2182 1396 2252 fidei‘
1411 2184 1541 2273 inquit:

301 2270 493 2352 ,Sententia
509 2280 511 2284 '
528 2272 724 2339 enuncians:
757 2271 864 2339 veteri
894 2269 1057 2356 Majorum
1084 2272 1243 2340 instituto
1273 2273 1315 2339 ab
1349 2263 1543 2360 apostolicis

297 2381 400 2448 usque
422 2359 626 2447 temporibus
672 2359 823 2438 deducto,
855 2380 914 2446 per
945 2358 1082 2426 meliora
1118 2359 1289 2428 Ecclesiae
1329 2360 1440 2428 secula
1476 2382 1543 2428 ser·

297 2458 386 2529 vato,
411 2454 579 2536 receptum
602 2447 716 2528 fuisse,
739 2452 781 2514 ut
804 2446 937 2514 decreta
960 2451 1021 2512 aut
1037 2446 1248 2517 definitiones
1271 2455 1331 2515 aut
1353 2449 1541 2516 sententiae

296 2536 399 2602 etiam
421 2535 582 2625 majorum
605 2535 738 2603 Scdium
750 2558 814 2602 non
832 2539 1094 2622 acceptaremus,
1111 2537 1178 2604 nisi
1193 2539 1384 2624 recognitae
1396 2536 1541 2604 fuissent

296 2629 331 2690 et
353 2625 556 2713 approbatae
589 2646 609 2690 a
639 2623 773 2713 Synodo
808 2623 1001 2690 dioecesana
1032 2623 1128 2705 falsa,
1164 2625 1351 2706 temeraria,
1377 2624 1541 2712 derogans

294 2733 354 2800 pro
389 2733 449 2779 sua
479 2712 702 2799 generalitate
737 2710 944 2780 obedientiae
978 2710 1110 2778 debitae
1145 2711 1442 2781 constitutionibus
1465 2735 1541 2801 apo·

295 2800 433 2881 stolicis,
471 2807 543 2867 tum
575 2806 609 2867 et
648 2799 825 2867 sententiis
859 2800 901 2866 ab
943 2798 1148 2868 hierarchica
1186 2804 1355 2891 superiore
1388 2801 1541 2889 legitima

293 2892 463 2990 potestate
502 2887 723 2968 manantibus,
758 2887 900 2954 schisma
939 2885 1053 2956 tovena
1083 2896 1118 2956 et
1141 2889 1312 2957 haeresim.
1338 2891 1369 2977 b)
1393 2889 1542 2957 Consilia

293 2976 379 3044 rnire
398 2981 437 3079 et
455 2980 604 3044 statuere
627 2975 667 3042 de
690 2975 814 3064 optimo
853 2974 948 3042 modo
972 2996 1084 3077 sacrae
1114 2977 1541 3083 religiosaeipstitutionis

293 3063 1541 3243 abab,aba&ttttathiatbat,tttmff¹tt¹a1}31,tssttt

294 3241 536 3310 ecclesiasticae
559 3241 812 3309 instauratione.
837 3239 869 3328 c)
893 3240 986 3324 Quae
1019 3240 1061 3307 ad
1096 3243 1354 3331 promovendum
1378 3241 1540 3310 dioecesis

293 3330 414 3397 bonum
437 3331 633 3411 conducunt,
668 3352 732 3418 quo
766 3335 920 3418 spectant
948 3328 1050 3396 etiam
1083 3330 1181 3398 fundi
1204 3331 1399 3412 dioecesani,
1424 3353 1538 3398 eorum

293 3418 425 3500 erectio,
449 3426 510 3486 aut
532 3423 716 3487 erectorum
735 3417 814 3505 jam,
838 3417 1087 3484 incrementum.
1126 3420 1161 3507 d)
1186 3419 1314 3487 Causae
1336 3418 1541 3488 clericorum

293 3511 328 3573 et
349 3506 534 3589 Laicorum,
559 3508 588 3573 si
611 3529 666 3574 eas
690 3505 866 3573 summarie
896 3508 1097 3592 pertractari
1132 3515 1302 3595 cuperent,
1325 3529 1385 3595 per
1403 3507 1535 3595 judices

292 3615 466 3662 causarum
487 3596 604 3680 finire,
629 3617 713 3698 quae
735 3599 847 3662 tamen
871 3594 977 3675 hodie,
1013 3595 1209 3663 constitutis
1232 3597 1411 3664 stabilibus
1434 3595 1540 3663 tribu·

292 3683 435 3765 malibus,
458 3684 493 3750 in
527 3683 672 3770 Synodrs
707 3704 771 3749 non
800 3687 1062 3770 pertractantur.
1097 3683 1131 3774 e)
1170 3681 1354 3770 Designare
1386 3682 1541 3751 adminus

293 3777 435 3859 quatuor
457 3771 595 3840 Judices
617 3769 811 3858 Synodales,
836 3770 956 3860 quibua
988 3770 1143 3838 Pontifex
1168 3794 1340 3840 causarum
1362 3771 1405 3838 ad
1427 3771 1537 3839 forum

292 3859 552 3929 ecclesiasticum
575 3861 795 3947 spectantium
820 3859 863 3926 ad
885 3882 920 3925 se
944 3857 1130 3926 delatarum
1155 3860 1386 3946 cognitionem,
1404 3867 1539 3962 praeter

292 3947 504 4016 Ordinarium
528 3948 734 4017 committere
757 3947 879 4014 valeat.
903 3946 1037 4014 Sufficit
1072 3947 1101 4013 si
1124 3948 1309 4036 Episcopus
1332 3949 1367 4015 in
1391 3951 1432 4014 irs
1456 3947 1540 4015 desi-

292 4037 433 4124 gnandis
457 4037 630 4105 consilium
663 4034 792 4124 Synodi
822 4038 978 4124 exposcat
991 4041 1026 4122 2),
1063 4035 1103 4102 de
1137 4037 1256 4124 quibus
1279 4037 1435 4104 Pontifici
1457 4037 1540 4105 refe·

292 4124 430 4194 rendum
453 4131 514 4194 est.
536 4125 571 4214 1)
595 4123 732 4211 Eligere
754 4124 992 4191 examinatores
1022 4122 1204 4208 Synodales
1217 4128 1250 4211 3).

368 4397 386 4468 ¹)
404 4396 506 4453 Bened.
525 4393 594 4451 XIV.
613 4396 641 4451 L.
662 4395 707 4451 111.
729 4391 756 4451 C.
776 4394 834 4450 XII.
1270 4411 1276 4422 “

365 4492 386 4563 ²)
404 4490 473 4548 Vide
491 4491 649 4562 Porubszky
667 4507 728 4562 pag.
747 4489 808 4546 449.
842 4486 933 4544 Const.
960 4487 1100 4544 Benedict.
1125 4487 1212 4544 XIV.:
1240 4488 1372 4558 Quamvis
1392 4493 1542 4568 paternae·

367 4587 388 4658 ³)
404 4587 443 4644 De
461 4586 505 4642 his
524 4586 636 4642 uberius
655 4585 683 4640 in
702 4585 784 4640 Parte
803 4585 835 4639 ll.
857 4585 892 4638 de
920 4583 1047 4640 examina
1072 4582 1253 4640 concursuali.
