3476 5366
868 324 931 392 124

796 421 1001 430 -—--—-—-.—-

274 657 309 750 §.
341 637 442 736 107.Ι
461 654 525 734 De
552 653 619 754 iis,
648 653 726 756 qui
752 655 809 736 ad
832 653 1074 736 Concilium
1089 653 1414 736 oecumenicum
1427 674 1521 734 con·

733 781 919 864 vocandi
948 782 1061 862 sunt.

305 947 306 954 ¹
369 922 425 990 Ad
449 923 631 992 Concilium
656 927 899 995 oecumenicum
912 925 1115 994 convocandi
1131 930 1211 992 sunt
1224 945 1336 992 omnes
1351 923 1520 1014 Episcopi,¹

272 1010 348 1079 ideo
382 1011 567 1080 Concilium
600 1012 662 1080 hoc
698 1021 838 1082 vocatur
871 1015 973 1083 etiam
1003 1014 1167 1101 generale,
1205 1035 1320 1080 verum
1343 1034 1362 1079 a
1385 1022 1522 1080 num‘ero

274 1099 545 1186 comparentium,
569 1105 609 1168 ut
631 1102 795 1190 superiori
818 1105 869 1189 §e
892 1102 1156 1175 demonstratum
1179 1106 1241 1182 est,
1265 1101 1520 1168 oecumenicitas

276 1185 419 1255 Concilii
441 1210 508 1254 non
531 1187 706 1275 dependet.
730 1190 964 1260 convocantur
989 1195 1102 1258 autem
1136 1190 1178 1256 ad
1212 1187 1396 1258 Concilium
1429 1211 1522 1258 oecu-

274 1278 435 1344 menicum
458 1275 740 1366 etiamPrincipes
762 1284 917 1367 regentes
952 1277 1146 1360 Christiani,
1160 1286 1329 1362 tamquam
1350 1276 1523 1345 Ecclesiae

273 1362 440 1445 advocati,
463 1368 499 1432 et
522 1365 716 1449 obnexum,
742 1367 799 1455 qui
822 1369 913 1435 inter
934 1367 1117 1435 Ecclesiam
1141 1370 1176 1433 et
1198 1365 1370 1433 civitatem
1392 1365 1523 1454 pariter

273 1473 294 1519 a
326 1451 398 1518 Dec
434 1451 626 1520 institutam
658 1455 806 1541 obtinet;
842 1457 899 1544 qui
935 1460 1047 1524 tamen
1070 1453 1198 1528 nullam
1220 1453 1256 1520 in
1280 1453 1522 1521 doctrinalibus

273 1544 403 1628 partem
426 1539 572 1608 activam
593 1540 729 1624 habent,
752 1564 813 1610 sua
830 1544 936 1612 solum
952 1542 1143 1632 praesentia
1158 1547 1193 1609 et
1203 1540 1398 1608 testimonio
1421 1541 1523 1609 decus

274 1628 416 1695 Concilii
438 1635 609 1714 angentes.
633 1630 802 1699 Interesse
823 1637 936 1702 autem
957 1635 1100 1721 possunt
1129 1629 1278 1697 Concilio
1313 1629 1523 1700 oecumenico

275 1715 376 1782 etiam
399 1715 603 1804 Presbyteri,
635 1721 700 1786 imo
734 1721 834 1786 etiam
868 1720 1021 1802 Diaconi,
1052 1717 1215 1807 imprimis
1248 1716 1451 1804 Theologiae
1485 1723 1522 1788 et

275 1803 446 1872 (lenonum
466 1803 638 1889 Doctores,
663 1807 721 1895 qni
744 1807 930 1876 eruditione
948 1829 1019 1890 sna,
1043 1812 1078 1874 et
1100 1806 1307 1894 argumentis
1330 1827 1349 1874 e
1371 1804 1523 1875 fontibus

275 1891 408 1961 divinae
429 1891 645 1964 revelationis
669 1895 865 1984 conquisitis
888 1903 922 1965 et
946 1895 1052 1964 erutis
1066 1899 1181 1985 patres
1192 1893 1334 1963 Concilii
1346 1891 1521 1983 adjuvant.

275 2075 310 2169 ἓ.
343 2070 436 2153 108.
464 2071 527 2152 Dc
552 2075 813 2158 auctoritate
828 2074 1118 2157 Consiliorum
1136 2072 1522 2155 oecumenicorum.

349 2218 453 2287 'Cum
477 2218 660 2287 Concilium
695 2221 937 2290 oecumenicum
972 2222 1019 2291 sit
1050 2219 1265 2308 congregatio
1298 2219 1524 2308 Episcopatus

275 2307 337 2375 sub
359 2306 508 2376 Primate
530 2307 708 2391 Ecclesiae,
732 2316 767 2377 et
788 2315 1021 2398 repraesentat
1033 2309 1167 2399 plenum
1180 2307 1356 2396 collegium
1377 2308 1522 2396 Aposto-

274 2394 382 2464 lorum
405 2415 479 2462 cum
501 2395 655 2486 Principe
679 2402 738 2464 eno
761 2397 873 2480 Petro,
897 2399 984 2485 quod
1007 2397 1170 2487 Spiritum
1182 2397 1342 2464 Sanctum
1364 2395 1524 2484 spiritum

196 2536 198 2546 .
274 2484 431 2553 veritatis
453 2506 474 2550 a
497 2483 631 2552 Christo
654 2508 728 2555 rece
753 2487 790 2569 it,
815 2487 931 2576 quiin
955 2508 1160 2554 successores
1183 2485 1277 2553 Petri
1310 2489 1346 2554 ct
1376 2486 1524 2574 Aposto-

274 2571 383 2641 lorum
405 2593 568 2640 summum
584 2595 700 2663 nempe
746 2597 896 2642 ornanum
911 2574 1109 2642 Pontificem
1121 2579 1157 2642 et
1168 2573 1353 2662 Episcopos
1364 2570 1523 2641 Pontifici

275 2661 469 2750 conjunctos
491 2682 551 2750 per
559 2662 796 2731 successionem
819 2663 1066 2731 consecratione
1082 2662 1274 2730 transfusus
1285 2682 1359 2729 cum
1371 2661 1524 2729 Ecclesia

276 2755 388 2818 manet
409 2749 445 2815 in
468 2753 649 2831 aeternum,
673 2772 789 2819 verum
807 2751 1137 2839 proindeiniallibile
1160 2749 1393 2837 Magisterium
1415 2754 1449 2817 et
1471 2770 1523 2816 re·

274 2837 385 2922 gimen
408 2835 579 2905 Ecclesiae
603 2839 799 2925 constituit;
824 2839 986 2907 solemnes
999 2839 1070 2926 ejus
1083 2837 1333 2908 enunciationes
1349 2835 1523 2906 doctrinae

275 2924 496 3007 Christianae,
520 2947 604 3014 quae
628 2926 786 3014 dogmata
807 2932 898 3009 sunt,
922 2928 1121 3015 objectivam
1144 2926 1293 2993 divinam
1307 2925 1523 2994 constituunt

275 3015 462 3097 veritatem,
486 3019 587 3102 atque
610 3036 738 3082 omnem
760 3015 925 3083 hominem
949 3015 1101 3103 obligant
1123 3015 1167 3081 ad
1189 3013 1397 3096 credendum,
1411 3019 1523 3081 etnon

275 3123 370 3170 secus
393 3101 590 3171 credendum
614 3125 653 3170 ac
673 3103 906 3192 profitendum,
920 3126 959 3171 ac
971 3103 1176 3172 contrarium
1192 3102 1246 3170 vel
1263 3102 1363 3170 aliter
1386 3101 1523 3170 credens

275 3194 336 3257 ant
358 3191 478 3258 docens
500 3190 689 3259 haereticus
712 3199 773 3259 est.
797 3193 1060 3260 Enunciationes
1084 3191 1278 3279 dogmatum
1300 3191 1334 3256 in
1359 3189 1522 3278 antiquio·

274 3278 367 3347 ribus
390 3279 547 3348 Conciliis
570 3281 787 3348 oecumenicis
810 3281 1017 3348 vocabantur
1038 3282 1183 3348 Decreta
1206 3278 1313 3360 Fidei,
1326 3278 1361 3345 iu
1374 3277 1522 3347 Concilio

275 3373 386 3434 autem
425 3368 623 3436 Tridentino
659 3365 818 3451 Canones,
860 3374 895 3436 et
928 3370 1028 3436 etiam
1052 3367 1333 3448 anathematismi,
1357 3372 1523 3455 quatenns

276 3458 477 3524 contrarium
490 3455 545 3524 vel
558 3456 658 3524 aliter
670 3458 842 3525 credentes
853 3457 909 3526 vel
920 3458 1069 3526 dicentes
1081 3457 1294 3525 anathemate
1316 3455 1521 3544 plectuntur.

361 3546 395 3612 A
417 3544 570 3613 Decretis
593 3545 672 3611 fidei
694 3568 753 3613 seu
775 3545 997 3633 dogmatibus,
1021 3567 1105 3634 quae
1129 3544 1319 3633 exprimunt
1341 3548 1522 3612 sensumet

276 3634 375 3702 fidem
397 3632 504 3700 totius
526 3632 760 3723 Episcopatus,
784 3657 880 3719 quem
904 3634 1052 3723 Spiritus
1075 3634 1219 3701 Sanctus
1242 3631 1389 3720 Spiritus
1435 3630 1521 3698 veri·

275 3722 358 3790 tatis
382 3743 510 3810 semper
532 3720 638 3804 docet,
661 3744 722 3810 per
743 3723 918 3810 primatem
940 3723 1110 3791 Ecclesiae
1133 3720 1327 3790 solemniter
1370 3719 1522 3787 enuncia·

275 3818 354 3891 tam,
399 3831 459 3898 per
503 3830 600 3898 quam
638 3810 900 3879 enunciationem
924 3809 1022 3878 simul
1045 3832 1105 3899 pro
1127 3814 1201 3876 toto
1220 3829 1342 3897 genere
1377 3807 1521 3874 humano

276 3922 348 3967 cum
373 3898 574 3985 obligamine
596 3899 644 3967 sic
668 3899 822 3967 credendi
845 3899 1069 3988 publicantur,
1104 3897 1266 3965 differunt
1288 3917 1429 3964 canones
1462 3917 1522 3964 seu

276 3988 367 4074 leges
391 3986 634 4055 ecclesiasticae
658 3987 898 4076 discipliuares,
922 3988 1040 4076 quibus
1060 3987 1138 4075 jura
1161 3992 1195 4054 et
1219 3985 1328 4053 officia
1363 3984 1522 4053 membro-

275 4098 349 4142 rum
371 4073 540 4142 Ecclesiae
563 4075 599 4142 in
622 4077 782 4144 societate
806 4083 942 4144 externa
965 4074 1190 4143 ecclesiastica
1224 4095 1282 4141 seu
1316 4072 1443 4140 visibili
1465 4071 1520 4139 de·

275 4162 509 4244 terminantur,
534 4163 680 4253 adquae
711 4164 898 4232 condendas
944 4164 1046 4231 etiam
1090 4163 1264 4251 majoritas
1308 4165 1462 4229 votorum
1484 4161 1523 4228 in

276 4251 422 4321 Concilio
446 4255 652 4320 oecumenico
677 4257 953 4340 congregatorum
975 4252 1214 4340 Episcoporum
1252 4249 1390 4332 sufficit,
1428 4248 1521 4315 dnm-

276 4339 371 4406 modo
394 4337 554 4406 Primatis
577 4341 747 4409 Ecclesiae
769 4362 828 4408 seu
850 4340 993 4408 Romani
1016 4339 1190 4408 Pontificie
1213 4339 1350 4406 accedat
1387 4357 1522 4405 consen-

276 4449 422 4508 sussen
444 4428 582 4511 sanctio,
606 4452 626 4497 a
649 4451 713 4519 qua
737 4427 842 4496 omnis
866 4427 962 4517 vigor
985 4435 1019 4496 et
1042 4427 1226 4496 auctoritas
1250 4427 1336 4515 legis
1370 4423 1523 4493 ecclesia·

277 4516 381 4585 aticae
403 4536 463 4603 pro
485 4520 560 4583 tota
581 4518 731 4586 Ecclesia
775 4516 948 4606 dependet.
995 4516 1052 4584 Ad
1087 4517 1149 4583 hoc
1172 4522 1283 4584 autem
1306 4538 1373 4583 non
1395 4513 1525 4582 sufficit

277 4625 427 4672 accessus
450 4607 583 4676 tantum
605 4605 803 4694 legatorum,
825 4606 883 4696 qui
905 4606 976 4674 loco
999 4603 1173 4674 Pontificis
1204 4603 1353 4673 Concilio
1376 4623 1524 4671 oecume·

276 4692 350 4761 nico
373 4691 583 4781 praesident,
607 4717 747 4785 namque
771 4717 922 4764 accessus
969 4693 1156 4784 legatorum
1201 4693 1452 4762 Pontificiorum
1475 4690 1522 4758 ad
