3420 5358
857 321 923 388 254

791 417 988 426 -.-.-.—-----.

258 563 330 606 cum
354 540 492 609 Concilii
516 539 615 628 hujus
637 541 756 607 Patres
789 543 857 608 tale
880 541 1078 610 connubium
1123 542 1294 622 nefarium,
1341 540 1500 608 adulteri-

258 649 345 707 num,
370 635 405 693 et
426 649 492 713 qua
514 628 583 693 tale
606 627 706 695 etiam
730 650 789 716 pro
813 629 994 716 praeterito
1026 629 1113 696 solvi
1133 627 1283 715 jubeant.
1316 628 1423 712 Quem
1443 627 1504 697 Ca·

257 737 375 781 nonem
404 713 452 782 sic
485 715 751 802 interpretantur
795 717 897 783 atiam
943 716 1233 802 graecinonuniti,
1278 715 1503 784 recentissime

258 802 390 886 quidem
413 803 628 890 Metropolita
653 800 833 872 Valaohiae
877 804 1074 893 proscripsit
1106 803 1256 883 Librum,
1280 804 1333 872 cui
1357 804 1502 872 titulus:

262 889 454 970 ,Elementa
497 888 592 957 Juris
614 891 789 959 Canonici‘
826 893 867 958 ab
903 893 1037 960 Andrea
1082 892 1217 978 Sagana
1242 892 1405 980 Episcopo
1429 913 1505 960 non·

257 981 351 1044 unito
375 978 627 1044 Transilvaniae
652 979 746 1046 1855.
770 1002 829 1067 pro
853 1003 912 1047 suo
936 981 1034 1046 Clero
1057 978 1330 1061 Cibiniieditum,
1355 981 1396 1046 ob
1419 979 1505 1046 hanc

258 1065 421 1154 imprimis
443 1068 617 1147 rationem,
641 1069 731 1152 quod
753 1068 789 1133 in
812 1067 924 1135 eodem
948 1069 1035 1139 libro
1061 1091 1122 1156 per
1144 1068 1347 1156 Episcopum
1370 1067 1505 1156 Saguna

258 1160 453 1222 statuatur:
476 1154 723 1221 Matrimonium
748 1156 949 1225 Clericorum
983 1163 1060 1244 post
1084 1179 1194 1223 sacros
1218 1155 1360 1223 Ordines
1383 1155 1505 1228 initum

258 1242 405 1309 validum
429 1265 509 1322 esse,
534 1265 617 1330 quae
640 1245 781 1310 assertio
804 1244 883 1311 fidei
905 1254 940 1311 et
963 1244 1076 1311 sensui
1106 1243 1276 1314 Ecclesiae
1321 1243 1507 1312 Orientalis

259 1329 512 1418 Canonibusque
535 1332 741 1399 adversetur.
766 1332 817 1398 De
841 1352 905 1420 qua
928 1333 1169 1421 proscriptione
1185 1333 1242 1410 ¹sui
1268 1332 1345 1398 libri
1368 1354 1504 1420 conque·

258 1420 344 1483 ritur
367 1418 502 1504 Sagana
526 1419 559 1483 in
582 1420 727 1486 secunda
749 1442 809 1486 sua
832 1420 1039 1508 praefatione
1062 1421 1104 1486 ad
1128 1421 1266 1487 eundem
1293 1421 1413 1485 librum
1431 1442 1505 1508 pag.

257 1505 320 1572 XI.
345 1505 424 1573 Ideo
448 1506 647 1576 Benedictus
669 1507 764 1574 XIV.
797 1508 1045 1576 Constitutione
1069 1531 1129 1574 sua
1154 1509 1223 1589 ,Eo
1247 1507 1399 1592 quamvis
1423 1515 1502 1574 tem·

259 1601 355 1680 pore‘
383 1599 411 1678 ξ.
436 1592 488 1658 49.
515 1595 631 1661 merito
655 1595 865 1662 observavit:
894 1596 991 1677 ,Cum
1017 1597 1106 1685 apud
1127 1595 1244 1664 fideles
1267 1596 1369 1662 etiam
1392 1594 1505 1662 Eccle-

259 1680 328 1747 siae
351 1681 543 1765 Orientalis,
567 1683 659 1749 nulla
683 1687 751 1749 sint
783 1689 819 1750 et
856 1684 953 1750 irrita
987 1685 1197 1750 matrimonia
1242 1690 1318 1770 po'st
1363 1684 1506 1751 Ordines

258 1791 369 1836 sacros
393 1769 569 1849 celebrata,
594 1770 799 1859 dispensatio
836 1794 939 1858 grave
963 1772 1030 1838 illis
1055 1772 1247 1839 scandalum
1270 1772 1448 1859 ingereret,
1472 1778 1507 1838 et

259 1857 375 1923 acerbo
399 1865 617 1945 quererentur
641 1861 817 1926 maximum
840 1859 948 1947 infligi
973 1860 1095 1926 vulnus
1118 1860 1364 1926 ecclesiasticae
1388 1859 1507 1947 discip-

259 1945 347 2011 linae
362 1944 416 2030 ¹).‘
443 1945 603 2034 Adeoque
647 1947 832 2014 mirandum
871 1954 931 2028 est,
956 1950 1044 2033 quod
1067 1947 1219 2014 nonnulli
1253 1948 1296 2014 ad
1319 1948 1506 2015 doctrinam

259 2032 482 2099 Romanorum
507 2034 705 2102 Pontificum
730 2035 899 2124 appellent
930 2057 989 2123 pro
1023 2036 1289 2117 demonstrando,
1314 2035 1506 2190 ccqpugium

259 2128 336 2208 post
358 2120 501 2187 Ordines
523 2121 644 2188 initum
671 2123 815 2190 validum
839 2128 956 2210 esse2).
982 2124 1088 2206 Quam
1112 2146 1229 2212 parum
1253 2125 1341 2190 enim
1399 2125 1507 2190 omani

258 2208 438 2275 Pontifices
462 2207 562 2294 hujus
586 2212 773 2278 sententiae
797 2213 873 2292 sint,
900 2212 998 2278 testis
1021 2222 1072 2278 est
1096 2215 1165 2301 ipse
1189 2235 1289 2300 supra
1302 2219 1503 2300 provocatus

258 2295 460 2363 Benedictus
476 2297 578 2382 XIV.
603 2299 771 2380 Pontifex,
796 2303 851 2389 qui
888 2301 923 2366 in
961 2300 1074 2367 Const.
1104 2300 1199 2381 ,Etsi
1222 2299 1419 2387 pastoralis‘
1445 2321 1506 2388 pro

259 2383 490 2471 Italo-graecis
515 2386 679 2454 deceruit:
708 2388 904 2468 ,Praeterea
928 2387 956 2454 si
980 2389 1055 2476 quis
1072 2388 1310 2470 Subdiaconus,
1324 2389 1504 2468 Diaconos,

259 2472 313 2539 vel
338 2472 521 2560 Presbyter
542 2483 619 2562 post
643 2498 768 2541 sacram
816 2476 1069 2542 Ordinationem
1108 2499 1209 2544 uxore
1248 2483 1379 2543 mortua
1403 2476 1504 2542 aliam

260 2557 403 2640 duxerit,
426 2561 477 2626 vel
502 2564 530 2627 si
554 2584 688 2630 uxorem
713 2588 778 2630 non
807 2566 928 2631 habeat
950 2563 1068 2630 ducere
1090 2565 1361 2653 praesumpserit,
1385 2564 1506 2632 statim

260 2649 301 2714 ab
324 2647 448 2714 Ordine
471 2650 537 2715 erit
560 2651 781 2739 deponendus,
806 2659 840 2718 et
864 2654 904 2718 ab
928 2653 1105 2739 illegitima
1150 2675 1251 2719 uxore
1289 2652 1505 2740 separandus,

261 2736 504 2802 matrimonium
529 2739 613 2803 enim
638 2747 713 2826 post
736 2742 916 2806 recensitos
952 2739 1093 2806 Ordines
1139 2740 1278 2822 nullum,
1309 2741 1507 2825 irritumque

261 2823 493 2890 declaramus‘
543 2826 583 2892 In
607 2827 855 2894 Constitutione
890 2835 1000 2895 autem
1024 2851 1083 2917 pro
1107 2829 1225 2916 Coptis
1251 2850 1364 2895 verum
1388 2835 1441 2894 eat
1465 2829 1507 2894 ab

260 2912 456 2999 Apostolica
480 2912 564 2980 Sede
587 2913 754 2981 decretum
780 2939 869 2982 esse:
904 2925 1077 2982 recurrant
1111 2917 1154 2981 ad
1178 2917 1410 3006 Apostolicam
1449 2915 1506 2986 Se-

261 2999 333 3065 dem
356 2999 391 3065 in
416 3001 546 3066 casibus
590 3003 858 3088 particularibus,
882 3005 915 3070 in
940 3006 1068 3093 quibus,
1093 3005 1122 3070 si
1157 3006 1197 3070 ob
1221 3027 1341 3090 graves
1387 3026 1508 3072 causas

261 3110 360 3175 super
383 3088 593 3155 matrimonio
615 3091 699 3157 inito
722 3098 798 3178 post
822 3093 962 3160 Ordines
998 3114 1109 3158 sacros
1143 3091 1350 3160 concedenda
1375 3091 1509 3180 dispen-

261 3177 347 3242 satio
393 3175 571 3258 videbitur,
596 3186 675 3247 tunc
700 3179 825 3246 nullum
872 3183 1008 3248 verbum
1046 3181 1106 3247 fiat
1129 3180 1169 3246 de
1192 3179 1409 3247 renovatione
1434 3203 1510 3246 con·

261 3286 385 3330 sensus.
431 3263 554 3331 Verum
602 3269 653 3332 uis
677 3292 741 3334 non
767 3269 859 3334 videt
891 3271 924 3334 in
954 3270 1016 3336 hcc
1045 3270 1117 3356 ipso
1141 3266 1284 3349 decreto,
1315 3267 1509 3336 nullitatem

260 3352 462 3418 matrimonii
485 3360 561 3441 post
579 3289 725 3422 Ordines
764 3359 936 3442 contracti,
960 3381 1021 3446 pro
1045 3357 1196 3422 omnibus
1219 3356 1349 3443 graecis
1373 3365 1407 3422 et
1432 3362 1508 3422 toto

261 3441 414 3508 orientali
438 3442 504 3506 ritu
527 3444 765 3528 comprehendi,
790 3445 823 3509 in
848 3455 1009 3534 quantum
1033 3449 1065 3511 in
1089 3445 1351 3532 particularibus
1375 3444 1510 3510 casibus

260 3551 278 3594 e
300 3529 485 3594 rationibus
507 3532 715 3616 gravissimis
739 3538 881 3614 tantum,
917 3534 957 3599 ab
989 3534 1222 3621 impedimento
1247 3532 1393 3612 Ordinis,
1418 3531 1509 3617 quod

261 3625 312 3682 est
336 3619 586 3682 constitutionis
632 3622 704 3686 sive
739 3621 824 3706 legis
857 3623 1111 3701 ecclesiasticae,
1146 3623 1269 3708 inquo
1293 3619 1432 3708 proinde
1457 3642 1512 3687 su·

260 3727 372 3792 prema
391 3705 427 3770 iu
449 3705 599 3771 Ecclesia
621 3715 770 3795 potestas
804 3732 950 3776 summus
984 3709 1142 3776 Pontifex
1166 3707 1357 3795 dispensare
1381 3731 1418 3774 eo
1443 3729 1511 3774 ma-

259 3795 312 3880 gis
335 3798 456 3881 potest,
481 3793 569 3881 quod
592 3819 656 3860 non
681 3796 810 3883 quidem
829 3798 915 3884 apud
929 3799 1155 3886 Apostolicam
1173 3797 1300 3878 Sedem,
1317 3796 1369 3863 uti
1392 3795 1510 3884 patuit

261 3902 401 3967 esupra
425 3884 527 3946 citata
551 3883 721 3950 Benedicti
759 3884 854 3951 XIV.
890 3886 1139 3953 Constitutione
1170 3908 1230 3971 pro
1253 3883 1511 3965 Italo-Graecia,

261 3967 319 4034 sed
342 3967 431 4056 apud
454 3968 599 4036 Craeoos
645 3983 859 4038 controversa
898 3997 951 4040 res
986 3979 1083 4054 esset,
1131 3973 1337 4061 dispensatio
1361 3972 1510 4061 petenda

261 4063 323 4122 est.
346 4095 389 4106 —-
411 4057 515 4124 Porro
537 4057 621 4124 idem
646 4060 802 4126 Pontifex
824 4063 1058 4148 prosequitur:
1096 4063 1168 4142 ,An
1201 4060 1450 4127 matrimonium
1475 4060 1514 4126 in

261 4143 411 4220 Ecclesia
433 4146 598 4212 Orientali
621 4160 697 4235 post
721 4148 877 4216 Ordinem
901 4173 1029 4216 sacrum
1054 4159 1260 4216 contractum
1285 4148 1423 4237 perinde
1435 4148 1512 4214 nul·

261 4232 330 4298 lum
353 4233 408 4313 sit,
429 4256 466 4299 ao
500 4234 534 4299 in
572 4235 723 4303 Ecclesia
769 4236 988 4319 Occidentali,
1024 4262 1064 4302 an
1095 4239 1207 4325 potius
1231 4237 1277 4304 sit
1301 4235 1510 4304 solummodo

262 4320 445 4388 illicitum?
490 4321 570 4389 licet
594 4323 790 4392 Tribunalia
812 4325 911 4414 hujus
935 4326 1041 4392 almae
1063 4327 1157 4392 urbis
1181 4327 1334 4412 (Eumae)
1358 4323 1513 4412 opinioni

338 4543 356 4612 ¹)
373 4543 442 4598 Vide
459 4544 571 4600 Pravila
591 4543 654 4618 Cap.
675 4546 734 4602 124.
754 4563 814 4618 pag.
835 4547 917 4616 hujus
936 4545 1034 4618 Operis
1053 4546 1097 4602 45.

263 4615 356 4742 17812)
376 4616 487 4742 {qmuel
507 4617 587 4672 Klein
606 4618 640 4673 de
658 4620 730 4674 Szad
749 4619 776 4674 in
796 4636 847 4674 sna
865 4619 1069 4674 Dissertatione
1088 4619 1122 4674 de
1142 4614 1517 4674 Matrimoniolfindohonae

335 4729 341 4743 .
360 4704 376 4743 e
395 4704 444 4742 ra.
