3426 5368
720 381 924 486 ..ff-¹..-

192 599 457 688 quadrageeims,
482 602 531 668 ita
554 599 671 666 diebus
704 600 846 667 Mercuri
879 607 914 666 st
938 599 1079 666 Veneris
1102 601 1271 665 abstinere
1295 601 1440 669 debeant

192 688 237 754 ab
260 709 326 754 usu
347 689 559 768 matrimonii,
594 687 688 773 juxta
731 687 933 776 Prophetem
963 685 1050 754 Joel.
1089 686 1125 754 (i.
1149 687 1180 752 2.
1207 687 1442 767 ,Sanctificate

193 773 366 862 jejunium,
391 773 577 863 praedicate
599 774 817 859 sanationem,
851 781 948 840 exeat
979 773 1031 840 vir
1054 773 1095 840 de
1119 773 1267 840 thalamo
1302 797 1384 860 suo;
1410 781 1446 842 et

192 883 280 930 uxor
303 861 344 929 dc
366 883 496 930 camera
518 869 608 930 sua‘
635 861 668 930 S.
692 859 842 930 Joannes
865 861 1108 950 chysostomus
1130 862 1172 929 de
1202 861 1333 930 fervore
1354 863 1447 931 Obri-

193 951 381 1020 stianorum
424 951 511 1018 circa
549 949 715 1038 jejunium
746 951 780 1018 in
814 950 918 1018 Libro
942 949 983 1016 de
1008 950 1207 1036 virginitate
1234 951 1283 1018 sic
1305 951 1447 1019 scribit:

198 1037 444 1120 ,Aemulantur
465 1039 584 1128 inquit,
609 1039 699 1106 inter
720 1060 766 1118 se,
790 1047 830 1106 ut
853 1037 913 1106 elii
947 1037 1077 1104 duabus
1112 1038 1228 1106 diebus
1251 1038 1335 1104 nibil
1360 1061 1449 1105 man·

195 1126 329 1207 ducent,
353 1125 410 1194 alii
433 1132 545 1194 autem
584 1126 627 1192 ab
663 1126 816 1194 omnibus
850 1127 932 1193 cibis
960 1127 1154 1193 abstineant
1185 1133 1220 1193 et
1255 1129 1339 1208 vinc,
1364 1149 1449 1215 pane

195 1214 304 1282 solnm
345 1221 380 1282 et
402 1235 487 1303 aqua
511 1217 659 1306 contenti
683 1221 873 1302 pertulum
894 1213 1087 1302 jejunium!

194 1395 231 1490 ἓ.
264 1390 357 1474 148.
385 1389 639 1474 Sollicitudo
670 1389 711 1473 S.
739 1390 865 1472 Sedis
905 1391 1183 1500 Apostolicac
1223 1392 1270 1472 in
1310 1393 1448 1473 custo-

249 1515 411 1603 dienda
433 1513 598 1622 jejunii
626 1516 865 1600 Orientalis
902 1517 1122 1602 Ecclesiae
1149 1517 1395 1621 disciplina.

294 1664 346 1732 De
368 1662 594 1732 sollicitudine
639 1663 671 1730 S.
697 1662 792 1730 Sedis
816 1663 1033 1751 Apostolicae
1056 1665 1099 1730 ad
1115 1662 1322 1752 disciplinam
1336 1663 1448 1732 Eccle-

197 1757 268 1822 siae
290 1751 473 1820 Orientalis
496 1751 584 1819 circa
607 1750 734 1838 iejunia
758 1751 932 1819 tenendam
957 1761 993 1819 et
1036 1751 1298 1819 conservandam
1345 1751 1449 1817 Bene·

197 1841 310 1910 dictus
332 1837 428 1908 XIV.
452 1839 487 1905 in
511 1859 572 1907 sue
588 1838 770 1928 Encyclica
782 1839 863 1908 Nro.
877 1840 954 1905 47-a
969 1841 1145 1930 sequentia
1159 1839 1287 1906 tradit:
1316 1841 1450 1926 ,Aptis-

201 1934 323 2011 ,simus
345 1928 465 2016 inquit,
489 1927 544 1993 bic
566 1927 663 1994 fieret
686 1928 776 1994 locus
799 1927 983 1994 disserendi
998 1930 1039 1995 de
1047 1933 1221 1996 vetustate
1227 1925 1348 2015 jejunii
1360 1925 1450 2015 apud

202 2017 422 2100 ,orientales
447 2014 584 2104 ejusque
606 2015 681 2103 lege
706 2016 784 2082 licet
806 2015 964 2083 severiori
989 2017 1198 2084 exactissime
1232 2025 1343 2082 tamen
1366 2038 1450 2081 sem·

201 2161 215 2188 ‚
263 2126 281 2172 r
303 2111 448 2184 servata,
472 2103 531 2171 sed
554 2124 595 2170 ne
618 2102 673 2170 lon
701 2103 787 2170 iores
811 2103 915 2170 simus
938 2126 1035 2193 quam
1059 2127 1121 2194 par
1153 2103 1215 2184 es'l,
1260 2103 1296 2170 id
1317 2105 1451 2170 unicum

204 2248 218 2276 ,
248 2191 617 2282 'cimus,Apostolicam
631 2127 748 2258 Scissa
774 2194 877 2258 toties
900 2191 1106 2260 Patriarcbis
1115 2191 1299 2272 obstitisse,
1319 2192 1451 2276 quoties

203 2287 371 2364 ,veterem
394 2282 537 2366 rigorem
557 2279 678 2368 jejunii
700 2280 772 2347 suis
795 2281 942 2348 subditis
988 2282 1163 2369 raescripti
1198 2280 1350 2347 relaxare
1397 2301 1451 2346 vo·

203 2370 369 2451 ,luerunt
392 2367 515 2436 Petrus
538 2367 781 2436 Maronitarum
815 2304 1024 2450 Patriarclra,
1071 2367 1370 2456 Archi-Episcopis
1415 2375 1451 2434 et

204 2456 400 2547 ,Episcopie
422 2456 484 2524 sibi
507 2455 666 2546 subditis,
691 2454 848 2524 carnibus
873 2458 960 2524 vesci
984 2457 1145 2524 laicorum
1161 2479 1251 2522 more
1297 2455 1448 2536 indulsit,

204 2545 304 2628 ,licet
324 2545 425 2634 juxta
448 2552 595 2618 veterem
618 2543 829 2632 disciplinam
854 2546 1009 2622 carnibus
1040 2546 1271 2612 abstinerent:
1295 2543 1452 2610 universo

204 2641 336 2716 ,autem
360 2633 482 2723 populo
506 2631 779 2722 quadragesimae
802 2641 950 2721 tempore
975 2636 1080 2719 pisces
1121 2633 1228 2712 edere,
1274 2633 1453 2718 vinumque

205 2723 329 2804 ‚libere
351 2720 512 2810 permisit,
536 2721 687 2811 quamvis
710 2720 744 2787 id
768 2721 838 2789 illis
860 2727 950 2789 esset
972 2722 1185 2808 prohibitum.
1208 2719 1274 2786 Sed
1295 2719 1453 2786 Pontifex

205 2809 354 2893 ,Paulus
376 2808 420 2876 V.
444 2809 534 2876 datis
557 2808 600 2877 ad
622 2807 853 2876 Patriarchenr
877 2809 970 2877 Petri
988 2831 1208 2878 successorem
1221 2807 1348 2875 Literis
1363 2808 1453 2893 Apo·

205 2898 363 2979 ,stolocis
385 2900 420 2963 in
443 2897 550 2964 forma
573 2897 702 2982 Brevis,
726 2897 780 2964 die
804 2895 994 2964 cadorcii
1020 2898 1115 2964 1610.
1135 2898 1249 2985 jussit,
1295 2903 1335 2962 ut
1357 2895 1451 2962 ebro

205 2987 317 3076 ,gatis
337 2985 418 3066 illis,
441 3007 526 3073 quae
548 2984 671 3052 Petrus
693 2985 892 3054 Patriarcba
915 2993 1133 3067 concesserat,
1156 3007 1211 3052 res
1227 2983 1454 3072 inpristinum

205 3082 353 3156 ,statum
376 3077 621 3140 restitueretur.
645 3071 686 3140 In
709 3073 914 3144 Pontificatu
938 3085 1053 3142 nostro
1088 3081 1199 3143 autem
1245 3077 1287 3140 ed
1318 3093 1454 3140 examen

205 3169 381 3245 ,revocata
405 3168 458 3228 est
480 3161 581 3228 nimia
604 3161 753 3228 facilitas
776 3169 878 3252 atqua
901 3163 1111 3250 indulgentia
1135 3160 1312 3248 Euthymii
1335 3159 1454 3227 Archi-

205 3249 383 3338 ,Episcopi
407 3249 484 3338 Syri
508 3257 543 3316 et
565 3247 708 3331 Sidonis,
732 3257 767 3317 et
790 3251 912 3340 Cyrilli
936 3248 1454 3333 PatriarchaeAntiochenierga

206 3338 371 3420 ,Graecos
393 3337 581 3418 Melchitas,
606 3339 737 3427 fuitque
760 3339 967 3428 improbata3
991 3345 1032 3405 ut
1054 3345 1149 3427 patet
1172 3360 1189 3404 e
1212 3335 1454 3404 constitutione

206 3425 631 3508 ,nestra,Demandatam‘
656 3426 708 3493 87.
733 3432 763 3512 ξ.
787 3428 817 3492 6.
840 3428 983 3494 Bullarii
1007 3427 1116 3496 nostri
1139 3425 1241 3492 Tomo
1264 3424 1292 3490 Ι.
1316 3422 1387 3490 Nos
1396 3421 1454 3488 hu·

205 3515 366 3604 ,jusmodi
393 3514 652 3596 innovationem,
677 3522 711 3582 et
734 3515 1013 3583 abstinentiarum
1039 3513 1288 3592 relaxationem,
1324 3519 1359 3576 et
1404 3532 1454 3576 co

205 3603 444 3684 ,amotionem
467 3601 503 3668 in
526 3603 663 3670 nimium
686 3603 922 3671 detrimentum
945 3604 1072 3670 veteris
1095 3603 1297 3670 Graecarum
1343 3598 1454 3664 Eccle-

205 3691 351 3771 ,siarnm
374 3688 570 3778 disciplinae
593 3714 732 3780 vergere
752 3692 952 3779 judicantes,
977 3691 1057 3758 licet
1087 3691 1233 3778 alioquin
1279 3687 1455 3754 deficiente

205 3779 428 3860 ,anctoritate
451 3779 667 3867 Apostolicae
690 3781 785 3848 Sedis
809 3780 933 3847 nullius
956 3780 1084 3846 roboris
1107 3799 1178 3844 esse
1202 3778 1453 3864 dignoscantur,

206 3890 282 3946 ,eas
305 3877 418 3934 tamen
440 3868 645 3935 auctoritate
670 3879 785 3936 nostra
808 3891 962 3956 expresse
996 3887 1198 3946 revocamus,
1244 3872 1279 3930 et
1326 3860 1455 3929 nullum

205 3955 383 4035 ,effectum
405 3957 621 4044 imposterum
647 3957 777 4039 habere,
802 3979 908 4041 neque
932 3956 1101 4023 ullatenus
1133 3954 1319 4020 executioni
1367 3971 1455 4014 man·

206 4043 301 4124 ,dari
323 4043 382 4110 sed
404 4043 514 4110 omnia
536 4044 570 4108 in
594 4046 773 4131 pristinum
797 4046 934 4112 restitui
957 4044 1077 4110 debere
1096 4042 1260 4130 jubemus,
1284 4045 1386 4124 etque
1407 4035 1457 4102 in·

205 4153 326 4220 ,super
348 4133 381 4197 in
405 4138 479 4199 toto
502 4137 615 4198 tractu
639 4133 894 4201 Patriarchatus
917 4130 1131 4210 Antiocheni,
1155 4126 1360 4196 laudabilem
1383 4145 1456 4192 con·

205 4218 435 4300 ,suetudinem
457 4242 477 4286 a
499 4219 685 4307 Majoribus
707 4221 905 4301 derivatam,
930 4217 1122 4287 abstinendi
1155 4219 1256 4284 etiarn
1303 4213 1456 4302 qualibet

205 4308 312 4390 ,faria
334 4315 456 4396 quarta
478 4313 513 4376 et
535 4319 630 4374 sexta
653 4311 696 4377 ab
719 4333 780 4377 esu
803 4310 963 4389 carnium,
986 4329 1072 4396 quae
1094 4306 1195 4372 etiam
1220 4305 1260 4369 ab
1284 4305 1361 4369 eliis
1384 4300 1457 4366 lini·

204 4395 319 4478 ,timis
342 4395 642 4500 populisejusdem
666 4403 777 4485 graeci
801 4401 887 4464 ritus
910 4392 1239 4474 exactccustoditur,
1258 4389 1457 4458 indistincte

204 4506 354 4567 ,servan
377 4487 606 4574 praecipimus.
630 4485 857 4576 Inccngruum
881 4499 993 4553 autem
1018 4493 1070 4550 est
1092 4501 1241 4548 asserere
1287 4478 1476 4568 dispensa-⁹

204 4571 351 4656 ,tionem
374 4572 614 4640 concedendam
639 4595 721 4656 esse,
748 4576 801 4643 vel
825 4574 939 4663 potius
963 4568 1178 4661 dispensandi
1201 4563 1456 4658 generalemf·

206 4662 399 4744 ,cultatem
423 4660 511 4750 quod
534 4685 651 4749 nempe
674 4663 874 4743 Orientales,
898 4663 1096 4752 aspicientes
1118 4658 1261 4726 Latium
1299 4653 1389 4724 vesci
1412 4656 1459 4740 pi·

204 4751 338 4833 ‚scibus
360 4755 508 4838 tempore
528 4750 651 4839 jejunii
674 4751 794 4820 exinde
817 4751 917 4820 facile
949 4749 1170 4827 adducantur,
1217 4753 1256 4812 ut
1300 4745 1367 4836 ipsi
1391 4763 1457 4812 noa

1702 994 1704 1080 l
