<?xml version="1.0" encoding="UTF-8"?>
<!DOCTYPE html PUBLIC "-//W3C//DTD XHTML 1.0 Transitional//EN"
    "http://www.w3.org/TR/xhtml1/DTD/xhtml1-transitional.dtd">
<html xmlns="http://www.w3.org/1999/xhtml" xml:lang="en" lang="en">
 <head>
  <title>
</title>
<meta http-equiv="Content-Type" content="text/html;charset=utf-8" />
  <meta name='ocr-system' content='tesseract 3.04.00' />
  <meta name='ocr-capabilities' content='ocr_page ocr_carea ocr_par ocr_line ocrx_word'/>
</head>
<body>
  <div class='ocr_page' id='page_1' title='image "./enchiridionjuri00pappgoog_0308.png"; bbox 0 0 3420 5358; ppageno 0'>
   <div class='ocr_carea' id='block_1_1' title="bbox 697 327 896 432">
    <p class='ocr_par' dir='ltr' id='par_1_1' title="bbox 697 327 896 432">
     <span class='ocr_line' id='line_1_1' title="bbox 697 327 896 432; baseline -0.005 -1"><span class='ocrx_word' id='word_1_1' title='bbox 697 327 896 432; x_wconf 18' lang='lat' dir='ltr'><strong>..237st</strong></span> 
     </span>
    </p>
   </div>
   <div class='ocr_carea' id='block_1_2' title="bbox 329 647 1264 772">
    <p class='ocr_par' dir='ltr' id='par_1_2' title="bbox 329 647 1264 772">
     <span class='ocr_line' id='line_1_2' title="bbox 329 647 1264 772; baseline -0.006 -16"><span class='ocrx_word' id='word_1_2' title='bbox 329 679 360 772; x_wconf 70' lang='lat' dir='ltr'><strong>t.</strong></span> <span class='ocrx_word' id='word_1_3' title='bbox 392 674 482 756; x_wconf 85' lang='grc'><strong>119.</strong></span> <span class='ocrx_word' id='word_1_4' title='bbox 518 675 583 756; x_wconf 88' lang='lat' dir='ltr'><strong>De</strong></span> <span class='ocrx_word' id='word_1_5' title='bbox 619 675 909 760; x_wconf 85' lang='lat' dir='ltr'><strong>Matrimoniis</strong></span> <span class='ocrx_word' id='word_1_6' title='bbox 942 647 1264 760; x_wconf 84' lang='lat' dir='ltr'><strong>conditionutis.</strong></span> 
     </span>
    </p>
   </div>
   <div class='ocr_carea' id='block_1_3' title="bbox 167 839 1422 1286">
    <p class='ocr_par' dir='ltr' id='par_1_3' title="bbox 167 839 1422 1286">
     <span class='ocr_line' id='line_1_3' title="bbox 265 839 1422 914; baseline -0.004 -3"><span class='ocrx_word' id='word_1_7' title='bbox 265 844 306 911; x_wconf 93' lang='lat' dir='ltr'><strong>In</strong></span> <span class='ocrx_word' id='word_1_8' title='bbox 330 841 481 910; x_wconf 76' lang='lat' dir='ltr'><strong>Ecclesia</strong></span> <span class='ocrx_word' id='word_1_9' title='bbox 502 842 668 911; x_wconf 75' lang='lat' dir='ltr'><strong>Orientali</strong></span> <span class='ocrx_word' id='word_1_10' title='bbox 692 847 903 912; x_wconf 86' lang='lat' dir='ltr'><strong>matrimonia</strong></span> <span class='ocrx_word' id='word_1_11' title='bbox 926 868 998 914; x_wconf 92' lang='lat' dir='ltr'><strong>cum</strong></span> <span class='ocrx_word' id='word_1_12' title='bbox 1023 844 1213 912; x_wconf 88' lang='lat' dir='ltr'><strong>conditione</strong></span> <span class='ocrx_word' id='word_1_13' title='bbox 1255 839 1341 908; x_wconf 85' lang='lat' dir='ltr'><strong>inita</strong></span> <span class='ocrx_word' id='word_1_14' title='bbox 1386 840 1422 907; x_wconf 91' lang='lat' dir='ltr'><strong>in</strong></span> 
     </span>
     <span class='ocr_line' id='line_1_4' title="bbox 169 930 1422 1016; baseline -0.005 -16"><span class='ocrx_word' id='word_1_15' title='bbox 169 953 233 1000; x_wconf 89' lang='lat' dir='ltr'><strong>usu</strong></span> <span class='ocrx_word' id='word_1_16' title='bbox 256 953 324 998; x_wconf 90' lang='lat' dir='ltr'><strong>uon</strong></span> <span class='ocrx_word' id='word_1_17' title='bbox 347 938 445 1016; x_wconf 90' lang='lat' dir='ltr'><strong>sunt;</strong></span> <span class='ocrx_word' id='word_1_18' title='bbox 469 930 527 997; x_wconf 90' lang='lat' dir='ltr'><strong>sed</strong></span> <span class='ocrx_word' id='word_1_19' title='bbox 551 939 586 1000; x_wconf 91' lang='lat' dir='ltr'><strong>et</strong></span> <span class='ocrx_word' id='word_1_20' title='bbox 608 930 642 996; x_wconf 94' lang='lat' dir='ltr'><strong>in</strong></span> <span class='ocrx_word' id='word_1_21' title='bbox 666 930 819 1000; x_wconf 76' lang='lat' dir='ltr'>Ecclesia</span> <span class='ocrx_word' id='word_1_22' title='bbox 842 933 967 1000; x_wconf 90' lang='lat' dir='ltr'><strong>Latina</strong></span> <span class='ocrx_word' id='word_1_23' title='bbox 990 933 1125 1000; x_wconf 89' lang='lat' dir='ltr'><strong>nonnisi</strong></span> <span class='ocrx_word' id='word_1_24' title='bbox 1161 955 1236 1000; x_wconf 92' lang='lat' dir='ltr'><strong>cum</strong></span> <span class='ocrx_word' id='word_1_25' title='bbox 1259 949 1422 997; x_wconf 89' lang='lat' dir='ltr'><strong>consensu</strong></span> 
     </span>
     <span class='ocr_line' id='line_1_5' title="bbox 168 1020 1421 1110; baseline -0.005 -21"><span class='ocrx_word' id='word_1_26' title='bbox 168 1020 329 1110; x_wconf 75' lang='lat' dir='ltr'><strong>Episcopi</strong></span> <span class='ocrx_word' id='word_1_27' title='bbox 352 1020 589 1102; x_wconf 88' lang='lat' dir='ltr'><strong>admittuntur,</strong></span> <span class='ocrx_word' id='word_1_28' title='bbox 613 1025 714 1104; x_wconf 87' lang='lat' dir='ltr'><strong>atque</strong></span> <span class='ocrx_word' id='word_1_29' title='bbox 737 1030 965 1089; x_wconf 89' lang='lat' dir='ltr'><strong>consummato</strong></span> <span class='ocrx_word' id='word_1_30' title='bbox 989 1027 1068 1090; x_wconf 90' lang='lat' dir='ltr'><strong>ante</strong></span> <span class='ocrx_word' id='word_1_31' title='bbox 1106 1020 1324 1108; x_wconf 82' lang='lat' dir='ltr'><strong>adimpletam</strong></span> <span class='ocrx_word' id='word_1_32' title='bbox 1347 1037 1421 1084; x_wconf 92' lang='lat' dir='ltr'><strong>con·</strong></span> 
     </span>
     <span class='ocr_line' id='line_1_6' title="bbox 167 1107 1422 1208; baseline -0.006 -32"><span class='ocrx_word' id='word_1_33' title='bbox 167 1109 331 1176; x_wconf 80' lang='lat' dir='ltr'><strong>ditionem</strong></span> <span class='ocrx_word' id='word_1_34' title='bbox 353 1107 575 1188; x_wconf 86' lang='lat' dir='ltr'><strong>Matrimonio,</strong></span> <span class='ocrx_word' id='word_1_35' title='bbox 600 1129 638 1174; x_wconf 90' lang='lat' dir='ltr'><strong>eo</strong></span> <span class='ocrx_word' id='word_1_36' title='bbox 661 1111 734 1195; x_wconf 90' lang='lat' dir='ltr'><strong>ipso</strong></span> <span class='ocrx_word' id='word_1_37' title='bbox 757 1114 863 1176; x_wconf 90' lang='lat' dir='ltr'><strong>omnis</strong></span> <span class='ocrx_word' id='word_1_38' title='bbox 885 1110 1033 1177; x_wconf 87' lang='lat' dir='ltr'><strong>conditio</strong></span> <span class='ocrx_word' id='word_1_39' title='bbox 1079 1115 1199 1176; x_wconf 89' lang='lat' dir='ltr'><strong>cessat.</strong></span> <span class='ocrx_word' id='word_1_40' title='bbox 1246 1107 1422 1208; x_wconf 77' lang='lat' dir='ltr'><strong>Quosupcr</strong></span> 
     </span>
     <span class='ocr_line' id='line_1_7' title="bbox 167 1193 1417 1286; baseline -0.006 -20"><span class='ocrx_word' id='word_1_41' title='bbox 167 1195 356 1266; x_wconf 88' lang='lat' dir='ltr'><strong>Instructio</strong></span> <span class='ocrx_word' id='word_1_42' title='bbox 380 1217 439 1284; x_wconf 92' lang='lat' dir='ltr'><strong>pro</strong></span> <span class='ocrx_word' id='word_1_43' title='bbox 452 1194 692 1262; x_wconf 77' lang='lat' dir='ltr'><strong>Tribunalibus</strong></span> <span class='ocrx_word' id='word_1_44' title='bbox 705 1197 1002 1264; x_wconf 82' lang='lat' dir='ltr'><strong>matrimonialibus</strong></span> <span class='ocrx_word' id='word_1_45' title='bbox 1014 1197 1189 1286; x_wconf 88' lang='lat' dir='ltr'><strong>sequentia</strong></span> <span class='ocrx_word' id='word_1_46' title='bbox 1200 1193 1417 1284; x_wconf 80' lang='lat' dir='ltr'><strong>praescribit:</strong></span> 
     </span>
    </p>
   </div>
   <div class='ocr_carea' id='block_1_4' title="bbox 265 1281 1527 1368">
    <p class='ocr_par' dir='ltr' id='par_1_4' title="bbox 265 1281 1527 1368">
     <span class='ocr_line' id='line_1_8' title="bbox 265 1281 1527 1368; baseline 0.005 -20"><span class='ocrx_word' id='word_1_47' title='bbox 265 1289 294 1368; x_wconf 69' lang='grc' dir='ltr'><strong>ξ.</strong></span> <span class='ocrx_word' id='word_1_48' title='bbox 319 1284 373 1350; x_wconf 91' lang='grc'><strong>51.</strong></span> <span class='ocrx_word' id='word_1_49' title='bbox 397 1285 452 1350; x_wconf 86' lang='lat' dir='ltr'><strong>An</strong></span> <span class='ocrx_word' id='word_1_50' title='bbox 475 1305 656 1351; x_wconf 80' lang='lat' dir='ltr'><strong>consensus</strong></span> <span class='ocrx_word' id='word_1_51' title='bbox 673 1286 741 1350; x_wconf 87' lang='lat' dir='ltr'><strong>sub</strong></span> <span class='ocrx_word' id='word_1_52' title='bbox 765 1285 956 1353; x_wconf 91' lang='lat' dir='ltr'><strong>conditione</strong></span> <span class='ocrx_word' id='word_1_53' title='bbox 979 1286 1079 1352; x_wconf 90' lang='lat' dir='ltr'><strong>datus</strong></span> <span class='ocrx_word' id='word_1_54' title='bbox 1124 1307 1224 1352; x_wconf 86' lang='lat' dir='ltr'><strong>causa</strong></span> <span class='ocrx_word' id='word_1_55' title='bbox 1270 1281 1420 1349; x_wconf 85' lang='lat' dir='ltr'><strong>efficiens</strong></span> <span class='ocrx_word' id='word_1_56' title='bbox 1520 1341 1527 1354; x_wconf 92' lang='lat'>.</span> 
     </span>
    </p>
   </div>
   <div class='ocr_carea' id='block_1_5' title="bbox 168 1371 1421 1544">
    <p class='ocr_par' dir='ltr' id='par_1_5' title="bbox 168 1371 1421 1544">
     <span class='ocr_line' id='line_1_9' title="bbox 168 1371 1224 1462; baseline -0.001 -22"><span class='ocrx_word' id='word_1_57' title='bbox 168 1371 376 1440; x_wconf 66' lang='lat' dir='ltr'><strong>matrimonii</strong></span> <span class='ocrx_word' id='word_1_58' title='bbox 399 1373 455 1453; x_wconf 89' lang='lat' dir='ltr'><strong>sit,</strong></span> <span class='ocrx_word' id='word_1_59' title='bbox 480 1393 499 1437; x_wconf 88' lang='lat' dir='ltr'><strong>a</strong></span> <span class='ocrx_word' id='word_1_60' title='bbox 524 1372 723 1439; x_wconf 87' lang='lat' dir='ltr'><strong>conditionis</strong></span> <span class='ocrx_word' id='word_1_61' title='bbox 746 1373 938 1462; x_wconf 85' lang='lat' dir='ltr'><strong>impletione</strong></span> <span class='ocrx_word' id='word_1_62' title='bbox 962 1373 1137 1461; x_wconf 86' lang='lat' dir='ltr'><strong>dependet.</strong></span> <span class='ocrx_word' id='word_1_63' title='bbox 1218 1373 1224 1386; x_wconf 80' lang='grc'><strong>“</strong></span> 
     </span>
     <span class='ocr_line' id='line_1_10' title="bbox 267 1457 1421 1544; baseline -0.001 -19"><span class='ocrx_word' id='word_1_64' title='bbox 267 1464 296 1544; x_wconf 66' lang='grc' dir='ltr'><strong>ξ.</strong></span> <span class='ocrx_word' id='word_1_65' title='bbox 321 1460 374 1526; x_wconf 80' lang='grc'><strong>52.</strong></span> <span class='ocrx_word' id='word_1_66' title='bbox 399 1459 539 1542; x_wconf 77' lang='lat' dir='ltr'><strong>Quando</strong></span> <span class='ocrx_word' id='word_1_67' title='bbox 562 1458 712 1528; x_wconf 90' lang='lat' dir='ltr'><strong>conditio</strong></span> <span class='ocrx_word' id='word_1_68' title='bbox 734 1467 890 1529; x_wconf 80' lang='lat' dir='ltr'><strong>versetur</strong></span> <span class='ocrx_word' id='word_1_69' title='bbox 913 1465 1003 1530; x_wconf 92' lang='lat' dir='ltr'><strong>circa</strong></span> <span class='ocrx_word' id='word_1_70' title='bbox 1025 1461 1176 1528; x_wconf 86' lang='lat' dir='ltr'><strong>futurum</strong></span> <span class='ocrx_word' id='word_1_71' title='bbox 1223 1457 1421 1544; x_wconf 84' lang='lat' dir='ltr'><strong>contingens</strong></span> 
     </span>
    </p>
   </div>
   <div class='ocr_carea' id='block_1_6' title="bbox 166 1531 1706 1638">
    <p class='ocr_par' dir='ltr' id='par_1_6' title="bbox 166 1531 1706 1638">
     <span class='ocr_line' id='line_1_11' title="bbox 166 1531 1706 1638; baseline -0.001 -26"><span class='ocrx_word' id='word_1_72' title='bbox 166 1547 222 1616; x_wconf 87' lang='lat' dir='ltr'><strong>vel</strong></span> <span class='ocrx_word' id='word_1_73' title='bbox 247 1569 315 1615; x_wconf 92' lang='lat' dir='ltr'><strong>non</strong></span> <span class='ocrx_word' id='word_1_74' title='bbox 337 1549 545 1636; x_wconf 82' lang='lat' dir='ltr'><strong>contingens,</strong></span> <span class='ocrx_word' id='word_1_75' title='bbox 568 1548 818 1615; x_wconf 87' lang='lat' dir='ltr'><strong>matrimonium</strong></span> <span class='ocrx_word' id='word_1_76' title='bbox 841 1549 1068 1638; x_wconf 88' lang='lat' dir='ltr'><strong>suspenditur,</strong></span> <span class='ocrx_word' id='word_1_77' title='bbox 1090 1570 1195 1638; x_wconf 88' lang='lat' dir='ltr'><strong>usque</strong></span> <span class='ocrx_word' id='word_1_78' title='bbox 1225 1547 1303 1614; x_wconf 91' lang='lat' dir='ltr'><strong>dum</strong></span> <span class='ocrx_word' id='word_1_79' title='bbox 1349 1567 1423 1612; x_wconf 91' lang='lat' dir='ltr'><strong>cou-</strong></span> <span class='ocrx_word' id='word_1_80' title='bbox 1532 1587 1537 1602; x_wconf 37' lang='grc' dir='ltr'>κ</span> <span class='ocrx_word' id='word_1_81' title='bbox 1611 1555 1614 1578; x_wconf 69' lang='lat'><strong>³</strong></span> <span class='ocrx_word' id='word_1_82' title='bbox 1668 1531 1706 1601; x_wconf 78' lang='lat'><strong>&#39;-</strong></span> 
     </span>
    </p>
   </div>
   <div class='ocr_carea' id='block_1_7' title="bbox 165 1634 1424 2848">
    <p class='ocr_par' dir='ltr' id='par_1_7' title="bbox 165 1634 1423 1990">
     <span class='ocr_line' id='line_1_12' title="bbox 166 1634 1423 1725; baseline -0.002 -23"><span class='ocrx_word' id='word_1_83' title='bbox 166 1635 256 1704; x_wconf 92' lang='lat' dir='ltr'><strong>ditio</strong></span> <span class='ocrx_word' id='word_1_84' title='bbox 279 1636 324 1702; x_wconf 91' lang='lat' dir='ltr'><strong>im</strong></span> <span class='ocrx_word' id='word_1_85' title='bbox 352 1636 472 1703; x_wconf 85' lang='lat' dir='ltr'><strong>lectur.</strong></span> <span class='ocrx_word' id='word_1_86' title='bbox 496 1635 623 1720; x_wconf 79' lang='lat' dir='ltr'><strong>Quodsi</strong></span> <span class='ocrx_word' id='word_1_87' title='bbox 647 1659 712 1703; x_wconf 94' lang='lat' dir='ltr'><strong>non</strong></span> <span class='ocrx_word' id='word_1_88' title='bbox 735 1637 926 1725; x_wconf 87' lang='lat' dir='ltr'><strong>impleatur,</strong></span> <span class='ocrx_word' id='word_1_89' title='bbox 950 1659 1130 1706; x_wconf 89' lang='lat' dir='ltr'><strong>consensus</strong></span> <span class='ocrx_word' id='word_1_90' title='bbox 1165 1636 1238 1702; x_wconf 93' lang='lat' dir='ltr'><strong>dati</strong></span> <span class='ocrx_word' id='word_1_91' title='bbox 1283 1634 1423 1702; x_wconf 86' lang='lat' dir='ltr'><strong>effectus</strong></span> 
     </span>
     <span class='ocr_line' id='line_1_13' title="bbox 167 1721 1421 1813; baseline -0.002 -23"><span class='ocrx_word' id='word_1_92' title='bbox 167 1729 289 1792; x_wconf 83' lang='lat' dir='ltr'><strong>cessat.</strong></span> <span class='ocrx_word' id='word_1_93' title='bbox 343 1723 453 1790; x_wconf 89' lang='lat' dir='ltr'><strong>uaudo</strong></span> <span class='ocrx_word' id='word_1_94' title='bbox 477 1745 655 1792; x_wconf 86' lang='lat' dir='ltr'><strong>consensus</strong></span> <span class='ocrx_word' id='word_1_95' title='bbox 678 1724 843 1812; x_wconf 84' lang='lat' dir='ltr'><strong>alligatur</strong></span> <span class='ocrx_word' id='word_1_96' title='bbox 866 1726 1049 1794; x_wconf 86' lang='lat' dir='ltr'><strong>conditioni</strong></span> <span class='ocrx_word' id='word_1_97' title='bbox 1075 1727 1115 1792; x_wconf 91' lang='lat' dir='ltr'><strong>de</strong></span> <span class='ocrx_word' id='word_1_98' title='bbox 1150 1724 1321 1813; x_wconf 88' lang='lat' dir='ltr'><strong>praesenti</strong></span> <span class='ocrx_word' id='word_1_99' title='bbox 1366 1721 1421 1789; x_wconf 87' lang='lat' dir='ltr'><strong>vel</strong></span> 
     </span>
     <span class='ocr_line' id='line_1_14' title="bbox 166 1809 1422 1901; baseline -0.002 -23"><span class='ocrx_word' id='word_1_100' title='bbox 166 1813 207 1878; x_wconf 90' lang='lat' dir='ltr'><strong>ds</strong></span> <span class='ocrx_word' id='word_1_101' title='bbox 254 1814 424 1892; x_wconf 82' lang='lat' dir='ltr'><strong>raeterito,</strong></span> <span class='ocrx_word' id='word_1_102' title='bbox 448 1812 694 1879; x_wconf 89' lang='lat' dir='ltr'><strong>matrimonium</strong></span> <span class='ocrx_word' id='word_1_103' title='bbox 719 1813 868 1880; x_wconf 87' lang='lat' dir='ltr'><strong>validum</strong></span> <span class='ocrx_word' id='word_1_104' title='bbox 892 1820 946 1883; x_wconf 89' lang='lat' dir='ltr'><strong>est</strong></span> <span class='ocrx_word' id='word_1_105' title='bbox 969 1815 1023 1882; x_wconf 83' lang='lat' dir='ltr'><strong>vel</strong></span> <span class='ocrx_word' id='word_1_106' title='bbox 1046 1835 1121 1894; x_wconf 90' lang='lat' dir='ltr'><strong>non,</strong></span> <span class='ocrx_word' id='word_1_107' title='bbox 1147 1820 1250 1901; x_wconf 89' lang='lat' dir='ltr'><strong>prout</strong></span> <span class='ocrx_word' id='word_1_108' title='bbox 1277 1809 1422 1878; x_wconf 89' lang='lat' dir='ltr'><strong>conditio</strong></span> 
     </span>
     <span class='ocr_line' id='line_1_15' title="bbox 165 1835 652 1990; baseline 0 -24"><span class='ocrx_word' id='word_1_109' title='bbox 165 1835 308 1990; x_wconf 74' lang='lat' dir='ltr'><strong>impleta</strong></span> <span class='ocrx_word' id='word_1_110' title='bbox 327 1900 395 1984; x_wconf 86' lang='lat' dir='ltr'><strong>jam</strong></span> <span class='ocrx_word' id='word_1_111' title='bbox 420 1899 476 1981; x_wconf 91' lang='lat' dir='ltr'><strong>sit,</strong></span> <span class='ocrx_word' id='word_1_112' title='bbox 500 1900 555 1967; x_wconf 88' lang='lat' dir='ltr'><strong>val</strong></span> <span class='ocrx_word' id='word_1_113' title='bbox 576 1922 652 1967; x_wconf 89' lang='lat' dir='ltr'><strong>non.</strong></span> 
     </span>
    </p>

    <p class='ocr_par' dir='ltr' id='par_1_8' title="bbox 166 1986 1422 2341">
     <span class='ocr_line' id='line_1_16' title="bbox 264 1986 1420 2078; baseline -0.001 -25"><span class='ocrx_word' id='word_1_114' title='bbox 264 1992 294 2072; x_wconf 69' lang='lat' dir='ltr'><strong>§z</strong></span> <span class='ocrx_word' id='word_1_115' title='bbox 318 1987 370 2054; x_wconf 83' lang='lat'><strong>53.</strong></span> <span class='ocrx_word' id='word_1_116' title='bbox 395 1987 517 2054; x_wconf 85' lang='lat' dir='ltr'><strong>Irritus</strong></span> <span class='ocrx_word' id='word_1_117' title='bbox 540 1995 841 2071; x_wconf 80' lang='lat' dir='ltr'><strong>essetccusensus,</strong></span> <span class='ocrx_word' id='word_1_118' title='bbox 887 1990 944 2077; x_wconf 91' lang='lat' dir='ltr'><strong>qui</strong></span> <span class='ocrx_word' id='word_1_119' title='bbox 990 1989 1191 2078; x_wconf 84' lang='lat' dir='ltr'><strong>alligaretur</strong></span> <span class='ocrx_word' id='word_1_120' title='bbox 1230 1986 1420 2055; x_wconf 88' lang='lat' dir='ltr'><strong>conditioni</strong></span> 
     </span>
     <span class='ocr_line' id='line_1_17' title="bbox 166 2074 1422 2165; baseline -0.002 -23"><span class='ocrx_word' id='word_1_121' title='bbox 166 2075 380 2143; x_wconf 89' lang='lat' dir='ltr'><strong>substantiae</strong></span> <span class='ocrx_word' id='word_1_122' title='bbox 402 2075 606 2143; x_wconf 88' lang='lat' dir='ltr'><strong>matrimonii</strong></span> <span class='ocrx_word' id='word_1_123' title='bbox 629 2077 840 2165; x_wconf 86' lang='lat' dir='ltr'><strong>repugnanti.</strong></span> <span class='ocrx_word' id='word_1_124' title='bbox 865 2077 1083 2146; x_wconf 76' lang='lat' dir='ltr'><strong>Conditiones</strong></span> <span class='ocrx_word' id='word_1_125' title='bbox 1106 2074 1422 2164; x_wconf 89' lang='lat' dir='ltr'><strong>impossibileqnid·</strong></span> 
     </span>
     <span class='ocr_line' id='line_1_18' title="bbox 167 2163 1420 2253; baseline -0.001 -23"><span class='ocrx_word' id='word_1_126' title='bbox 167 2165 255 2252; x_wconf 88' lang='lat' dir='ltr'><strong>pianr</strong></span> <span class='ocrx_word' id='word_1_127' title='bbox 279 2169 341 2230; x_wconf 90' lang='lat' dir='ltr'><strong>aut</strong></span> <span class='ocrx_word' id='word_1_128' title='bbox 363 2164 544 2246; x_wconf 88' lang='lat' dir='ltr'><strong>immorale,</strong></span> <span class='ocrx_word' id='word_1_129' title='bbox 569 2163 658 2253; x_wconf 93' lang='lat' dir='ltr'><strong>quod</strong></span> <span class='ocrx_word' id='word_1_130' title='bbox 681 2165 885 2231; x_wconf 89' lang='lat' dir='ltr'><strong>matrimonii</strong></span> <span class='ocrx_word' id='word_1_131' title='bbox 907 2167 1119 2234; x_wconf 87' lang='lat' dir='ltr'><strong>substantiae</strong></span> <span class='ocrx_word' id='word_1_132' title='bbox 1143 2165 1232 2231; x_wconf 91' lang='lat' dir='ltr'><strong>haud</strong></span> <span class='ocrx_word' id='word_1_133' title='bbox 1244 2169 1420 2252; x_wconf 86' lang='lat' dir='ltr'><strong>repugnat,</strong></span> 
     </span>
     <span class='ocr_line' id='line_1_19' title="bbox 167 2251 1037 2341; baseline 0.001 -22"><span class='ocrx_word' id='word_1_134' title='bbox 167 2251 382 2320; x_wconf 85' lang='lat' dir='ltr'><strong>continentes</strong></span> <span class='ocrx_word' id='word_1_135' title='bbox 428 2274 465 2317; x_wconf 90' lang='lat' dir='ltr'><strong>ro</strong></span> <span class='ocrx_word' id='word_1_136' title='bbox 489 2274 554 2318; x_wconf 92' lang='lat' dir='ltr'><strong>nou</strong></span> <span class='ocrx_word' id='word_1_137' title='bbox 577 2253 719 2341; x_wconf 89' lang='lat' dir='ltr'><strong>adjectis</strong></span> <span class='ocrx_word' id='word_1_138' title='bbox 743 2252 914 2322; x_wconf 89' lang='lat' dir='ltr'><strong>habendae</strong></span> <span class='ocrx_word' id='word_1_139' title='bbox 948 2261 1037 2321; x_wconf 87' lang='lat' dir='ltr'><strong>sunt.</strong></span> 
     </span>
    </p>

    <p class='ocr_par' dir='ltr' id='par_1_9' title="bbox 173 2275 1424 2516">
     <span class='ocr_line' id='line_1_20' title="bbox 265 2275 1424 2429; baseline -0.003 -23"><span class='ocrx_word' id='word_1_140' title='bbox 265 2344 295 2424; x_wconf 65' lang='grc' dir='ltr'><strong>ξ.</strong></span> <span class='ocrx_word' id='word_1_141' title='bbox 320 2339 373 2406; x_wconf 84' lang='grc'><strong>54.</strong></span> <span class='ocrx_word' id='word_1_142' title='bbox 399 2275 464 2423; x_wconf 55' lang='grc' dir='ltr'><strong>δαί</strong></span> <span class='ocrx_word' id='word_1_143' title='bbox 487 2344 567 2408; x_wconf 87' lang='lat' dir='ltr'><strong>aute</strong></span> <span class='ocrx_word' id='word_1_144' title='bbox 589 2339 813 2407; x_wconf 89' lang='lat' dir='ltr'><strong>conditionem</strong></span> <span class='ocrx_word' id='word_1_145' title='bbox 827 2342 999 2429; x_wconf 87' lang='lat' dir='ltr'><strong>impletam</strong></span> <span class='ocrx_word' id='word_1_146' title='bbox 1016 2339 1264 2409; x_wconf 91' lang='lat' dir='ltr'><strong>matrimonium</strong></span> <span class='ocrx_word' id='word_1_147' title='bbox 1276 2360 1424 2406; x_wconf 92' lang='lat' dir='ltr'><strong>consum-</strong></span> 
     </span>
     <span class='ocr_line' id='line_1_21' title="bbox 173 2427 943 2516; baseline 0.006 -24"><span class='ocrx_word' id='word_1_148' title='bbox 173 2433 256 2510; x_wconf 90' lang='lat' dir='ltr'><strong>mat,</strong></span> <span class='ocrx_word' id='word_1_149' title='bbox 282 2449 320 2494; x_wconf 91' lang='lat' dir='ltr'><strong>eo</strong></span> <span class='ocrx_word' id='word_1_150' title='bbox 344 2431 415 2516; x_wconf 88' lang='lat' dir='ltr'><strong>ipso</strong></span> <span class='ocrx_word' id='word_1_151' title='bbox 438 2427 623 2495; x_wconf 90' lang='lat' dir='ltr'><strong>conditioni</strong></span> <span class='ocrx_word' id='word_1_152' title='bbox 645 2429 802 2496; x_wconf 89' lang='lat' dir='ltr'><strong>nuncium</strong></span> <span class='ocrx_word' id='word_1_153' title='bbox 824 2429 943 2497; x_wconf 91' lang='lat' dir='ltr'><strong>mittit.</strong></span> 
     </span>
    </p>

    <p class='ocr_par' dir='ltr' id='par_1_10' title="bbox 165 2513 1424 2845">
     <span class='ocr_line' id='line_1_22' title="bbox 263 2513 1424 2602; baseline -0.002 -22"><span class='ocrx_word' id='word_1_154' title='bbox 263 2521 294 2602; x_wconf 65' lang='lat' dir='ltr'><strong>g.</strong></span> <span class='ocrx_word' id='word_1_155' title='bbox 317 2515 370 2581; x_wconf 89' lang='grc'><strong>55.</strong></span> <span class='ocrx_word' id='word_1_156' title='bbox 394 2513 443 2583; x_wconf 88' lang='lat' dir='ltr'><strong>Ut</strong></span> <span class='ocrx_word' id='word_1_157' title='bbox 466 2537 644 2583; x_wconf 89' lang='lat' dir='ltr'><strong>consensus</strong></span> <span class='ocrx_word' id='word_1_158' title='bbox 667 2518 729 2583; x_wconf 93' lang='lat' dir='ltr'><strong>sub</strong></span> <span class='ocrx_word' id='word_1_159' title='bbox 753 2516 943 2585; x_wconf 88' lang='lat' dir='ltr'><strong>conditione</strong></span> <span class='ocrx_word' id='word_1_160' title='bbox 967 2519 1076 2599; x_wconf 87' lang='lat' dir='ltr'><strong>detur,</strong></span> <span class='ocrx_word' id='word_1_161' title='bbox 1101 2515 1234 2583; x_wconf 91' lang='lat' dir='ltr'><strong>nonnisi</strong></span> <span class='ocrx_word' id='word_1_162' title='bbox 1284 2513 1325 2581; x_wconf 90' lang='lat' dir='ltr'><strong>de</strong></span> <span class='ocrx_word' id='word_1_163' title='bbox 1371 2534 1424 2579; x_wconf 83' lang='lat' dir='ltr'><strong>ex·</strong></span> 
     </span>
     <span class='ocr_line' id='line_1_23' title="bbox 165 2603 1424 2694; baseline -0.002 -25"><span class='ocrx_word' id='word_1_164' title='bbox 165 2623 283 2691; x_wconf 90' lang='lat' dir='ltr'><strong>pressa</strong></span> <span class='ocrx_word' id='word_1_165' title='bbox 305 2603 465 2693; x_wconf 81' lang='lat' dir='ltr'><strong>Episcopi</strong></span> <span class='ocrx_word' id='word_1_166' title='bbox 488 2605 625 2672; x_wconf 90' lang='lat' dir='ltr'><strong>licentia</strong></span> <span class='ocrx_word' id='word_1_167' title='bbox 648 2603 782 2671; x_wconf 90' lang='lat' dir='ltr'><strong>admitti</strong></span> <span class='ocrx_word' id='word_1_168' title='bbox 803 2611 926 2694; x_wconf 89' lang='lat' dir='ltr'><strong>potest.</strong></span> <span class='ocrx_word' id='word_1_169' title='bbox 950 2605 1177 2684; x_wconf 73' lang='lat' dir='ltr'><strong>conditiones,</strong></span> <span class='ocrx_word' id='word_1_170' title='bbox 1199 2625 1283 2693; x_wconf 90' lang='lat' dir='ltr'><strong>quae</strong></span> <span class='ocrx_word' id='word_1_171' title='bbox 1299 2606 1333 2668; x_wconf 90' lang='lat' dir='ltr'><strong>in</strong></span> <span class='ocrx_word' id='word_1_172' title='bbox 1347 2622 1424 2667; x_wconf 91' lang='lat' dir='ltr'><strong>cou-</strong></span> 
     </span>
     <span class='ocr_line' id='line_1_24' title="bbox 167 2689 1424 2845; baseline -0.001 -89"><span class='ocrx_word' id='word_1_173' title='bbox 167 2713 287 2845; x_wconf 56' lang='lat' dir='ltr'>{eamus</span> <span class='ocrx_word' id='word_1_174' title='bbox 312 2691 539 2760; x_wconf 87' lang='lat' dir='ltr'><strong>declaratione</strong></span> <span class='ocrx_word' id='word_1_175' title='bbox 564 2692 651 2760; x_wconf 90' lang='lat' dir='ltr'><strong>haud</strong></span> <span class='ocrx_word' id='word_1_176' title='bbox 674 2693 908 2782; x_wconf 89' lang='lat' dir='ltr'><strong>exprimuntur</strong></span> <span class='ocrx_word' id='word_1_177' title='bbox 929 2715 990 2784; x_wconf 91' lang='lat' dir='ltr'><strong>pro</strong></span> <span class='ocrx_word' id='word_1_178' title='bbox 1013 2717 1079 2761; x_wconf 92' lang='lat' dir='ltr'><strong>non</strong></span> <span class='ocrx_word' id='word_1_179' title='bbox 1103 2691 1269 2781; x_wconf 89' lang='lat' dir='ltr'><strong>appositis</strong></span> <span class='ocrx_word' id='word_1_180' title='bbox 1302 2689 1424 2756; x_wconf 90' lang='lat' dir='ltr'><strong>haben·</strong></span> 
     </span>
    </p>

    <p class='ocr_par' dir='ltr' id='par_1_11' title="bbox 211 2786 346 2848">
     <span class='ocr_line' id='line_1_25' title="bbox 211 2786 346 2848; baseline -0.007 -2"><span class='ocrx_word' id='word_1_181' title='bbox 211 2786 346 2848; x_wconf 88' lang='lat' dir='ltr'><strong>esunt.</strong></span> 
     </span>
    </p>
   </div>
   <div class='ocr_carea' id='block_1_8' title="bbox 192 2909 1398 3064">
    <p class='ocr_par' dir='ltr' id='par_1_12' title="bbox 192 2909 1398 3064">
     <span class='ocr_line' id='line_1_26' title="bbox 192 2909 1398 3064; baseline 0.002 -26"><span class='ocrx_word' id='word_1_182' title='bbox 192 2957 227 3053; x_wconf 69' lang='grc' dir='ltr'><strong>ἓ.</strong></span> <span class='ocrx_word' id='word_1_183' title='bbox 260 2955 357 3040; x_wconf 85' lang='grc'><strong>120.</strong></span> <span class='ocrx_word' id='word_1_184' title='bbox 385 2957 447 3038; x_wconf 90' lang='lat' dir='ltr'><strong>De</strong></span> <span class='ocrx_word' id='word_1_185' title='bbox 482 2957 759 3042; x_wconf 81' lang='lat' dir='ltr'><strong>Matrimonia</strong></span> <span class='ocrx_word' id='word_1_186' title='bbox 796 2985 875 3064; x_wconf 91' lang='lat' dir='ltr'><strong>per</strong></span> <span class='ocrx_word' id='word_1_187' title='bbox 911 2909 1246 3044; x_wconf 88' lang='lat' dir='ltr'><strong>Procuratorem</strong></span> <span class='ocrx_word' id='word_1_188' title='bbox 1274 2957 1398 3040; x_wconf 88' lang='lat' dir='ltr'><strong>inito.</strong></span> 
     </span>
    </p>
   </div>
   <div class='ocr_carea' id='block_1_9' title="bbox 159 3123 1427 3986">
    <p class='ocr_par' dir='ltr' id='par_1_13' title="bbox 165 3123 1424 3391">
     <span class='ocr_line' id='line_1_27' title="bbox 263 3123 1424 3217; baseline -0.002 -25"><span class='ocrx_word' id='word_1_189' title='bbox 263 3123 358 3192; x_wconf 87' lang='lat' dir='ltr'><strong>Solet</strong></span> <span class='ocrx_word' id='word_1_190' title='bbox 380 3126 482 3194; x_wconf 89' lang='lat' dir='ltr'><strong>ctiam</strong></span> <span class='ocrx_word' id='word_1_191' title='bbox 505 3127 751 3195; x_wconf 88' lang='lat' dir='ltr'><strong>matrimonium</strong></span> <span class='ocrx_word' id='word_1_192' title='bbox 775 3149 834 3216; x_wconf 89' lang='lat' dir='ltr'><strong>per</strong></span> <span class='ocrx_word' id='word_1_193' title='bbox 856 3132 1106 3217; x_wconf 88' lang='lat' dir='ltr'><strong>procuratorem</strong></span> <span class='ocrx_word' id='word_1_194' title='bbox 1146 3149 1219 3196; x_wconf 91' lang='lat' dir='ltr'><strong>cum</strong></span> <span class='ocrx_word' id='word_1_195' title='bbox 1267 3146 1424 3214; x_wconf 87' lang='lat' dir='ltr'><strong>expressa</strong></span> 
     </span>
     <span class='ocr_line' id='line_1_28' title="bbox 165 3212 1423 3304; baseline 0.002 -26"><span class='ocrx_word' id='word_1_196' title='bbox 165 3217 282 3281; x_wconf 89' lang='lat' dir='ltr'><strong>tamen</strong></span> <span class='ocrx_word' id='word_1_197' title='bbox 304 3212 468 3281; x_wconf 85' lang='lat' dir='ltr'><strong>facultate</strong></span> <span class='ocrx_word' id='word_1_198' title='bbox 492 3215 648 3304; x_wconf 81' lang='lat' dir='ltr'><strong>Episcopi</strong></span> <span class='ocrx_word' id='word_1_199' title='bbox 672 3215 845 3300; x_wconf 87' lang='lat' dir='ltr'><strong>contrahi;</strong></span> <span class='ocrx_word' id='word_1_200' title='bbox 871 3217 999 3300; x_wconf 90' lang='lat' dir='ltr'><strong>dequo</strong></span> <span class='ocrx_word' id='word_1_201' title='bbox 1041 3215 1249 3282; x_wconf 88' lang='lat' dir='ltr'><strong>matrimonii</strong></span> <span class='ocrx_word' id='word_1_202' title='bbox 1294 3219 1423 3282; x_wconf 90' lang='lat' dir='ltr'><strong>contra-</strong></span> 
     </span>
     <span class='ocr_line' id='line_1_29' title="bbox 165 3299 946 3391; baseline 0.003 -24"><span class='ocrx_word' id='word_1_203' title='bbox 165 3299 269 3368; x_wconf 93' lang='lat' dir='ltr'><strong>hendi</strong></span> <span class='ocrx_word' id='word_1_204' title='bbox 292 3300 389 3367; x_wconf 90' lang='lat' dir='ltr'><strong>modo</strong></span> <span class='ocrx_word' id='word_1_205' title='bbox 411 3302 574 3370; x_wconf 88' lang='lat' dir='ltr'><strong>[structio</strong></span> <span class='ocrx_word' id='word_1_206' title='bbox 597 3306 623 3390; x_wconf 63' lang='grc' dir='ltr'><strong>ξ.</strong></span> <span class='ocrx_word' id='word_1_207' title='bbox 648 3303 700 3370; x_wconf 86' lang='lat'><strong>50.</strong></span> <span class='ocrx_word' id='word_1_208' title='bbox 724 3304 946 3391; x_wconf 87' lang='lat' dir='ltr'><strong>praescribit:</strong></span> 
     </span>
    </p>

    <p class='ocr_par' dir='ltr' id='par_1_14' title="bbox 159 3387 1427 3986">
     <span class='ocr_line' id='line_1_30' title="bbox 263 3387 1422 3482; baseline -0.003 -26"><span class='ocrx_word' id='word_1_209' title='bbox 263 3387 452 3458; x_wconf 86' lang='lat' dir='ltr'><strong>Consensus</strong></span> <span class='ocrx_word' id='word_1_210' title='bbox 476 3389 659 3458; x_wconf 88' lang='lat' dir='ltr'><strong>declaratio</strong></span> <span class='ocrx_word' id='word_1_211' title='bbox 681 3413 742 3481; x_wconf 87' lang='lat' dir='ltr'><strong>per</strong></span> <span class='ocrx_word' id='word_1_212' title='bbox 763 3397 1016 3482; x_wconf 88' lang='lat' dir='ltr'><strong>procuratorem</strong></span> <span class='ocrx_word' id='word_1_213' title='bbox 1059 3389 1153 3457; x_wconf 82' lang='lat' dir='ltr'><strong>iacta</strong></span> <span class='ocrx_word' id='word_1_214' title='bbox 1200 3387 1316 3456; x_wconf 90' lang='lat' dir='ltr'><strong>valida</strong></span> <span class='ocrx_word' id='word_1_215' title='bbox 1361 3395 1422 3468; x_wconf 89' lang='lat' dir='ltr'><strong>est,</strong></span> 
     </span>
     <span class='ocr_line' id='line_1_31' title="bbox 159 3474 1423 3579; baseline 0.002 -39"><span class='ocrx_word' id='word_1_216' title='bbox 159 3474 301 3579; x_wconf 71' lang='lat' dir='ltr'><strong>‚quando</strong></span> <span class='ocrx_word' id='word_1_217' title='bbox 324 3477 409 3544; x_wconf 90' lang='lat' dir='ltr'><strong>hanc</strong></span> <span class='ocrx_word' id='word_1_218' title='bbox 432 3481 558 3548; x_wconf 89' lang='lat' dir='ltr'><strong>iurem</strong></span> <span class='ocrx_word' id='word_1_219' title='bbox 582 3480 612 3546; x_wconf 88' lang='lat' dir='ltr'><strong>ci</strong></span> <span class='ocrx_word' id='word_1_220' title='bbox 637 3480 830 3548; x_wconf 87' lang='lat' dir='ltr'><strong>mandatum</strong></span> <span class='ocrx_word' id='word_1_221' title='bbox 853 3478 1009 3570; x_wconf 89' lang='lat' dir='ltr'><strong>speciale,</strong></span> <span class='ocrx_word' id='word_1_222' title='bbox 1032 3500 1207 3567; x_wconf 86' lang='lat' dir='ltr'><strong>personam</strong></span> <span class='ocrx_word' id='word_1_223' title='bbox 1223 3477 1333 3544; x_wconf 89' lang='lat' dir='ltr'><strong>futuri</strong></span> <span class='ocrx_word' id='word_1_224' title='bbox 1349 3498 1423 3544; x_wconf 92' lang='lat' dir='ltr'><strong>con-</strong></span> 
     </span>
     <span class='ocr_line' id='line_1_32' title="bbox 163 3563 1423 3656; baseline 0 -26"><span class='ocrx_word' id='word_1_225' title='bbox 163 3564 258 3653; x_wconf 70' lang='lat' dir='ltr'><strong>jugis</strong></span> <span class='ocrx_word' id='word_1_226' title='bbox 280 3563 487 3634; x_wconf 79' lang='lat' dir='ltr'><strong>sufficienter</strong></span> <span class='ocrx_word' id='word_1_227' title='bbox 510 3567 745 3650; x_wconf 86' lang='lat' dir='ltr'><strong>determinans,</strong></span> <span class='ocrx_word' id='word_1_228' title='bbox 770 3568 940 3650; x_wconf 91' lang='lat' dir='ltr'><strong>collatum,</strong></span> <span class='ocrx_word' id='word_1_229' title='bbox 965 3588 1072 3656; x_wconf 84' lang='lat' dir='ltr'><strong>neque</strong></span> <span class='ocrx_word' id='word_1_230' title='bbox 1104 3573 1255 3655; x_wconf 84' lang='lat' dir='ltr'><strong>tempore</strong></span> <span class='ocrx_word' id='word_1_231' title='bbox 1299 3565 1423 3640; x_wconf 85' lang='lat' dir='ltr'><strong>forsan,</strong></span> 
     </span>
     <span class='ocr_line' id='line_1_33' title="bbox 167 3651 1424 3756; baseline -0.002 -36"><span class='ocrx_word' id='word_1_232' title='bbox 167 3675 232 3756; x_wconf 76' lang='lat' dir='ltr'><strong>quo</strong></span> <span class='ocrx_word' id='word_1_233' title='bbox 255 3651 447 3721; x_wconf 89' lang='lat' dir='ltr'><strong>mandantis</strong></span> <span class='ocrx_word' id='word_1_234' title='bbox 469 3658 599 3722; x_wconf 91' lang='lat' dir='ltr'><strong>nomine</strong></span> <span class='ocrx_word' id='word_1_235' title='bbox 622 3658 869 3724; x_wconf 87' lang='lat' dir='ltr'><strong>matrimonium</strong></span> <span class='ocrx_word' id='word_1_236' title='bbox 892 3661 1102 3723; x_wconf 89' lang='lat' dir='ltr'><strong>contractum</strong></span> <span class='ocrx_word' id='word_1_237' title='bbox 1127 3656 1184 3735; x_wconf 88' lang='lat' dir='ltr'><strong>sit,</strong></span> <span class='ocrx_word' id='word_1_238' title='bbox 1231 3660 1424 3722; x_wconf 88' lang='lat' dir='ltr'><strong>revocatum</strong></span> 
     </span>
     <span class='ocr_line' id='line_1_34' title="bbox 164 3740 1424 3834; baseline -0.002 -26"><span class='ocrx_word' id='word_1_239' title='bbox 164 3761 234 3829; x_wconf 82' lang='lat' dir='ltr'><strong>Jam</strong></span> <span class='ocrx_word' id='word_1_240' title='bbox 258 3740 373 3808; x_wconf 82' lang='lat' dir='ltr'><strong>fuerit.</strong></span> <span class='ocrx_word' id='word_1_241' title='bbox 396 3741 567 3812; x_wconf 87' lang='lat' dir='ltr'><strong>Parcchus</strong></span> <span class='ocrx_word' id='word_1_242' title='bbox 589 3750 702 3812; x_wconf 87' lang='lat' dir='ltr'><strong>tamen</strong></span> <span class='ocrx_word' id='word_1_243' title='bbox 725 3744 974 3813; x_wconf 87' lang='lat' dir='ltr'><strong>matrimonium</strong></span> <span class='ocrx_word' id='word_1_244' title='bbox 997 3754 1057 3834; x_wconf 86' lang='lat' dir='ltr'><strong>p&#39;er</strong></span> <span class='ocrx_word' id='word_1_245' title='bbox 1103 3750 1354 3833; x_wconf 90' lang='lat' dir='ltr'><strong>procuratorem</strong></span> <span class='ocrx_word' id='word_1_246' title='bbox 1377 3743 1424 3806; x_wconf 91' lang='lat' dir='ltr'><strong>in·</strong></span> 
     </span>
     <span class='ocr_line' id='line_1_35' title="bbox 167 3827 1427 3986; baseline -0.001 -90"><span class='ocrx_word' id='word_1_247' title='bbox 167 3827 311 3896; x_wconf 87' lang='lat' dir='ltr'><strong>eundum</strong></span> <span class='ocrx_word' id='word_1_248' title='bbox 336 3829 530 3986; x_wconf 67' lang='lat' dir='ltr'><strong>npllatsnus</strong></span> <span class='ocrx_word' id='word_1_249' title='bbox 551 3831 724 3915; x_wconf 87' lang='lat' dir='ltr'><strong>admittat,</strong></span> <span class='ocrx_word' id='word_1_250' title='bbox 747 3834 813 3902; x_wconf 89' lang='lat' dir='ltr'><strong>nisi</strong></span> <span class='ocrx_word' id='word_1_251' title='bbox 836 3831 1023 3922; x_wconf 86' lang='lat' dir='ltr'><strong>Episcopus</strong></span> <span class='ocrx_word' id='word_1_252' title='bbox 1047 3831 1247 3900; x_wconf 82' lang='lat' dir='ltr'><strong>facultatem</strong></span> <span class='ocrx_word' id='word_1_253' title='bbox 1270 3850 1427 3918; x_wconf 82' lang='lat' dir='ltr'><strong>expresse</strong></span> 
     </span>
     <span class='ocr_line' id='line_1_36' title="bbox 167 3938 352 3986; baseline -0.011 0"><span class='ocrx_word' id='word_1_254' title='bbox 167 3938 352 3986; x_wconf 81' lang='lat' dir='ltr'><strong>concessam</strong></span> 
     </span>
    </p>
   </div>
   <div class='ocr_carea' id='block_1_10' title="bbox 193 4095 1401 4232">
    <p class='ocr_par' dir='ltr' id='par_1_15' title="bbox 193 4095 1401 4232">
     <span class='ocr_line' id='line_1_37' title="bbox 193 4095 1401 4232; baseline -0.001 -54"><span class='ocrx_word' id='word_1_255' title='bbox 193 4097 230 4192; x_wconf 66' lang='grc' dir='ltr'><strong>ἓ.</strong></span> <span class='ocrx_word' id='word_1_256' title='bbox 262 4095 357 4178; x_wconf 81' lang='grc'><strong>121.</strong></span> <span class='ocrx_word' id='word_1_257' title='bbox 383 4097 700 4200; x_wconf 89' lang='lat' dir='ltr'><strong>Impedimenta</strong></span> <span class='ocrx_word' id='word_1_258' title='bbox 736 4099 1064 4232; x_wconf 84' lang='lat' dir='ltr'><strong>Matrimonium</strong></span> <span class='ocrx_word' id='word_1_259' title='bbox 1101 4097 1401 4200; x_wconf 89' lang='lat' dir='ltr'><strong>impedientia.</strong></span> 
     </span>
    </p>
   </div>
   <div class='ocr_carea' id='block_1_11' title="bbox 167 4263 1429 4532">
    <p class='ocr_par' dir='ltr' id='par_1_16' title="bbox 167 4263 1429 4532">
     <span class='ocr_line' id='line_1_38' title="bbox 262 4263 1427 4360; baseline -0.002 -28"><span class='ocrx_word' id='word_1_260' title='bbox 262 4263 506 4354; x_wconf 87' lang='lat' dir='ltr'><strong>Impedimenta</strong></span> <span class='ocrx_word' id='word_1_261' title='bbox 529 4267 780 4338; x_wconf 89' lang='lat' dir='ltr'><strong>matrimonium</strong></span> <span class='ocrx_word' id='word_1_262' title='bbox 804 4267 1033 4360; x_wconf 80' lang='lat' dir='ltr'><strong>impedientia,</strong></span> <span class='ocrx_word' id='word_1_263' title='bbox 1058 4288 1144 4357; x_wconf 88' lang='lat' dir='ltr'><strong>quae</strong></span> <span class='ocrx_word' id='word_1_264' title='bbox 1176 4263 1427 4334; x_wconf 89' lang='lat' dir='ltr'><strong>matrimonium</strong></span> 
     </span>
     <span class='ocr_line' id='line_1_39' title="bbox 170 4351 1429 4444; baseline -0.001 -24"><span class='ocrx_word' id='word_1_265' title='bbox 170 4351 305 4442; x_wconf 89' lang='lat' dir='ltr'><strong>quidem</strong></span> <span class='ocrx_word' id='word_1_266' title='bbox 327 4353 516 4442; x_wconf 87' lang='lat' dir='ltr'><strong>prohibent,</strong></span> <span class='ocrx_word' id='word_1_267' title='bbox 541 4362 717 4424; x_wconf 87' lang='lat' dir='ltr'><strong>contracta</strong></span> <span class='ocrx_word' id='word_1_268' title='bbox 740 4363 853 4426; x_wconf 90' lang='lat' dir='ltr'><strong>tamen</strong></span> <span class='ocrx_word' id='word_1_269' title='bbox 877 4377 944 4423; x_wconf 92' lang='lat' dir='ltr'><strong>non</strong></span> <span class='ocrx_word' id='word_1_270' title='bbox 968 4354 1121 4438; x_wconf 87' lang='lat' dir='ltr'><strong>irritant,</strong></span> <span class='ocrx_word' id='word_1_271' title='bbox 1147 4351 1335 4444; x_wconf 87' lang='lat' dir='ltr'><strong>passimhis</strong></span> <span class='ocrx_word' id='word_1_272' title='bbox 1358 4375 1429 4422; x_wconf 88' lang='lat' dir='ltr'><strong>ver·</strong></span> 
     </span>
     <span class='ocr_line' id='line_1_40' title="bbox 167 4441 534 4532; baseline 0 -22"><span class='ocrx_word' id='word_1_273' title='bbox 167 4441 284 4510; x_wconf 89' lang='lat' dir='ltr'><strong>siculis</strong></span> <span class='ocrx_word' id='word_1_274' title='bbox 306 4449 534 4532; x_wconf 86' lang='lat' dir='ltr'><strong>exponuntur:</strong></span> 
     </span>
    </p>
   </div>
   <div class='ocr_carea' id='block_1_12' title="bbox 363 4597 1274 4775">
    <p class='ocr_par' dir='ltr' id='par_1_17' title="bbox 363 4597 1274 4775">
     <span class='ocr_line' id='line_1_41' title="bbox 363 4597 1274 4691; baseline 0.002 -27"><span class='ocrx_word' id='word_1_275' title='bbox 363 4597 539 4665; x_wconf 85' lang='lat' dir='ltr'><strong>Sacratum</strong></span> <span class='ocrx_word' id='word_1_276' title='bbox 563 4605 706 4688; x_wconf 87' lang='lat' dir='ltr'><strong>tempus,</strong></span> <span class='ocrx_word' id='word_1_277' title='bbox 730 4599 896 4682; x_wconf 90' lang='lat' dir='ltr'><strong>Vetitum,</strong></span> <span class='ocrx_word' id='word_1_278' title='bbox 921 4599 1111 4691; x_wconf 83' lang='lat' dir='ltr'><strong>Sponsalia,</strong></span> <span class='ocrx_word' id='word_1_279' title='bbox 1135 4597 1274 4680; x_wconf 91' lang='lat' dir='ltr'><strong>Votum,</strong></span> 
     </span>
     <span class='ocr_line' id='line_1_42' title="bbox 365 4685 1174 4775; baseline 0.005 -24"><span class='ocrx_word' id='word_1_280' title='bbox 365 4685 559 4775; x_wconf 91' lang='lat' dir='ltr'><strong>Impediunt</strong></span> <span class='ocrx_word' id='word_1_281' title='bbox 582 4688 666 4767; x_wconf 88' lang='lat' dir='ltr'><strong>fieri,</strong></span> <span class='ocrx_word' id='word_1_282' title='bbox 690 4690 892 4775; x_wconf 89' lang='lat' dir='ltr'><strong>permittunt</strong></span> <span class='ocrx_word' id='word_1_283' title='bbox 915 4689 1032 4772; x_wconf 78' lang='lat' dir='ltr'><strong>iuncta</strong></span> <span class='ocrx_word' id='word_1_284' title='bbox 1054 4688 1174 4758; x_wconf 88' lang='lat' dir='ltr'><strong>teneri.</strong></span> 
     </span>
    </p>
   </div>
   <div class='ocr_carea' id='block_1_13' title="bbox 0 0 1714 5351">
    <p class='ocr_par' dir='ltr' id='par_1_18' title="bbox 0 0 1714 5351">
     <span class='ocr_line' id='line_1_43' title="bbox 0 0 1714 5351; baseline 0 0"><span class='ocrx_word' id='word_1_285' title='bbox 0 0 1714 5351; x_wconf 95' lang='lat' dir='ltr'><strong> </strong></span> 
     </span>
    </p>
   </div>
  </div>
 </body>
</html>
