3476 5366
781 387 842 452 159

708 482 911 494 .-.--..-.-...

171 607 252 689 post
275 603 507 694 Presbyteros,
532 608 581 674 eis
603 609 782 696 praebente
819 607 995 696 Episcopo,
1019 608 1073 676 vel
1099 610 1316 698 Presbytero.
1365 611 1432 678 Sed

173 711 235 757 nea
269 691 304 758 in
342 693 448 762 medio
470 695 603 784 quidem
647 696 925 784 Presbyterorum
971 695 1072 763 liceat
1113 697 1271 764 Diaconis
1306 699 1430 766 sedere.

170 775 290 868 Siquis
312 789 425 850 autem
448 806 514 851 non
537 783 614 851 vult
637 784 781 868 obedire,
805 784 905 851 etiam
929 806 948 850 a
970 784 1160 854 Diaconatu
1184 785 1360 854 desistat‘

678 999 826 1110 oller
864 1000 934 1110 lll.

236 1183 311 1260 DE
338 1184 723 1282 REGULARIBUS,
753 1187 854 1265 SEU
877 1187 1163 1272 ,INSTITUTO
1199 1185 1360 1265 MONA·
1449 1301 1452 1311 ¹

682 1337 914 1417 GHORUM.

370 1551 404 1644 ἓ.
437 1551 530 1633 160.
558 1551 704 1634 Nexns
731 1574 827 1633 cunr
856 1549 1233 1654 praecedentibus,

271 1718 501 1806 Regularinm,
543 1741 603 1786 seu
635 1718 794 1785 Instituti
839 1717 1076 1785 Monachorum
1113 1717 1244 1805 injure
1289 1717 1422 1805 publico

170 1804 401 1874 ecclesiastico
423 1806 498 1873 ideo
520 1828 627 1874 sermo
649 1806 700 1886 fit,
724 1807 803 1895 quia
835 1804 1011 1892 Religiosi
1044 1827 1103 1872 seu
1125 1803 1280 1871 Monachi
1303 1804 1422 1870 distin·

170 1895 236 1961 ctis
260 1894 486 1983 superioribus
531 1894 667 1962 Ordinis
701 1895 754 1960 sui
794 1894 947 1974 subsunt,
986 1895 1042 1981 qui
1073 1894 1108 1959 in
1139 1915 1195 1960 eos
1219 1892 1421 1960 ordinariam

169 1983 302 2049 ratione
325 1983 417 2050 vitae
440 1982 641 2050 monasticae
664 1989 820 2049 exercent
843 1981 1122 2071 jurisdictionem.

249 2185 285 2279 ἓ.
318 2181 412 2266 161.
440 2180 574 2285 Origo
601 2181 891 2308 Regularium
913 2204 991 2262 seu
1018 2181 1338 2264 Monaohorunr.

266 2351 490 2439 Evangelium
514 2351 651 2433 Christi,
673 2351 817 2417 hominis
842 2373 861 2416 a
884 2350 955 2418 Deo
979 2348 1022 2416 ad
1047 2350 1223 2437 imaginem
1248 2355 1283 2417 et
1306 2351 1423 2417 simili-

170 2439 322 2506 tudinem
345 2463 439 2508 snam
462 2441 565 2508 creati
589 2440 742 2506 ultimam
766 2439 1023 2506 destinationem
1038 2438 1207 2505 infinitam
1221 2461 1294 2505 esse
1316 2439 1420 2506 beati-

169 2533 286 2609 tatem,
309 2535 480 2596 aeternam
523 2528 607 2594 DEI
650 2527 864 2594 intuitionem
890 2535 924 2594 et
958 2527 1161 2607 fruitionem,
1190 2526 1278 2594 clare
1301 2528 1419 2611 docet,

170 2638 268 2704 quam
292 2616 388 2683 homo
411 2623 546 2705 peccato
568 2615 818 2704 protoparentis
855 2614 953 2682 Adae
987 2615 1142 2695 infectus,
1165 2637 1226 2702 per
1249 2614 1421 2682 Christum

169 2711 281 2771 autem
305 2704 517 2773 Salvatorem
539 2704 739 2857 redemptus,
763 2709 824 2770 aut
857 2727 917 2792 per
947 2702 1131 2770 custodiam
1153 2704 1362 2769 innocentiae
1386 2711 1420 2769 et

166 2791 323 2880 justitiae
347 2794 550 2882 originariae
587 2793 622 2857 in
685 2790 827 2880 aptismo
862 2798 1088 2879 recuperatae,
1119 2799 1180 2857 aut
1215 2794 1343 2857 verosi
1368 2792 1420 2857 uis

168 2881 394 2948 innocentiam
416 2891 551 2970 peccato
574 2879 699 2947 actuali
744 2880 916 2946 commisso
951 2880 1127 2960 amisisset,
1159 2901 1218 2967 per
1241 2814 1420 2946 securium

167 2967 337 3036 lavacrum
360 2970 593 3059 lacrymarum,
640 2966 729 3034 idest
765 2989 826 3055 per
862 2989 976 3033 veram
1010 2967 1251 3057 poenitentiam
1285 2973 1321 3034 et
1359 2989 1420 3056 ope

169 3055 269 3145 hujus
316 3080 352 3124 er
380 3058 676 3126 sanctificationem
710 3057 892 3145 promereri
923 3060 1045 3144 potest,
1078 3056 1210 3122 dicente
1244 3055 1276 3122 S.
1312 3055 1419 3121 Paulo

167 3081 352 3232 Apostolo:
381 3147 540 3226 ,Habetis
564 3147 711 3211 fructum
755 3150 905 3210 vestrum
927 3147 964 3209 in
987 3144 1295 3224 sanctificationem,
1319 3143 1417 3209 finem

167 3241 281 3298 autem
304 3235 410 3300 vitam
432 3240 630 3302 aeternam.‘
658 3233 710 3298 Ex
733 3232 785 3298 his
808 3232 981 3319 religionis
997 3231 1209 3300 Christianae
1232 3231 1417 3320 principiis,

168 3329 270 3410 atque
292 3344 334 3388 ex
365 3330 456 3389 meta
489 3320 629 3390 extremi
672 3319 791 3406 judicii
824 3326 859 3386 et
892 3319 1126 3400 damnationis,
1174 3340 1419 3406 poenarumque

167 3419 390 3492 aeternarum,
413 3411 562 3479 homines
586 3407 708 3475 salutis
731 3429 810 3474 suae
833 3407 976 3474 studiosi
1000 3431 1100 3496 super
1122 3407 1233 3473 omnia
1251 3406 1417 3473 habentes

167 3497 311 3564 animam
334 3501 480 3587 pretioso
503 3498 666 3586 sanguine
689 3496 769 3562 Filii
803 3497 885 3562 DEI
922 3497 1136 3585 redemptamx
1152 3495 1294 3575 salvare,
1318 3496 1416 3561 abne·

166 3593 289 3736 gantas
311 3587 437 3653 saeculi
460 3588 634 3664 desideria,
658 3590 693 3651 et
716 3587 862 3672 separati
886 3606 905 3648 a
928 3584 1060 3664 mundo,
1089 3582 1221 3670 asylum
1245 3585 1279 3648 in
1302 3581 1417 3649 solitu·

192 3673 245 3740 ine
266 3676 506 3763 quaesiverunt
548 3673 674 3764 partim
703 3673 745 3738 ad
783 3672 1005 3739 innocentiam
1051 3671 1285 3759 baptismalem
1309 3675 1417 3738 custo·

167 3759 332 3843 diendam,
361 3766 486 3852 partim
518 3785 596 3830 vero
637 3760 680 3828 ad
711 3761 866 3827 amissam
890 3782 949 3849 per
970 3765 1143 3848 peccatum
1164 3759 1333 3845 justitiam
1358 3780 1417 3846 per

167 3869 279 3916 veram
288 3858 323 3917 et
333 3851 524 3918 continuam
533 3850 772 3939 poenitentiam
782 3872 820 3916 eo
843 3849 992 3915 securius
1015 3855 1051 3914 et
1073 3848 1198 3916 certius
1221 3868 1416 3935 recuperan-

167 3934 241 4002 dam
257 3962 265 4023 ς
288 3938 364 4006 ideo
388 3939 430 4006 ad
453 3963 597 4006 eremum
611 3945 829 4018 secesserunt,
842 3938 931 4004 unda
954 3943 989 4002 et
1011 3936 1192 4016 Eremitae,
1208 3942 1243 4001 et
1259 3933 1416 4000 Monachi

167 4045 188 4088 a
231 4027 414 4094 solitudine
453 4030 668 4108 vocabantur,
717 4049 855 4114 quorum
901 4025 999 4113 primi
1042 4024 1169 4091 Paulus
1225 4023 1414 4102 Thebanus,

167 4121 203 4178 et
239 4115 411 4182 Antonius
455 4118 678 4183 nominantur.
716 4114 854 4181 Saeculo
890 4113 954 4181 IV.
999 4112 1198 4180 Pachomius
1244 4110 1351 4177 socios
1396 4131 1417 4176 a

166 4202 318 4269 solitaria
353 4205 426 4270 vita
464 4205 507 4270 ad
552 4225 753 4272 communem
789 4202 991 4290 sequendam
1013 4200 1156 4280 induxit,
1204 4219 1306 4287 eoque
1339 4218 1414 4286 per·

167 4290 344 4372 monitat
381 4291 463 4360 locis
500 4292 632 4381 quidem
677 4291 839 4358 solitariis
884 4312 999 4356 verum
1032 4312 1098 4355 non
1132 4286 1274 4375 dispersi
1314 4290 1415 4374 prout

165 4399 268 4468 nsque
312 4385 402 4461 tnnc,
448 4381 506 4446 sed
550 4380 585 4447 in
631 4379 802 4446 distinctis
825 4377 956 4446 cellulis
1004 4399 1106 4465 penes
1150 4377 1293 4442 invicem
1339 4394 1414 4440 con·

167 4469 313 4548 structis,
337 4489 422 4556 quae
444 4468 605 4535 Mandrac
639 4468 845 4546 dicebantur,
884 4465 960 4532 dein
1004 4465 1040 4530 in
1085 4486 1150 4530 uno
1174 4463 1324 4531 aedificio
1348 4462 1411 4529 sub

166 4556 266 4624 nnius
287 4557 469 4645 superioris
494 4556 657 4637 mandato,
681 4555 739 4643 qui
762 4552 1049 4622 Archi-mandrita
1071 4553 1143 4620 sive
1163 4551 1414 4640 mandrisprae·

167 4646 323 4730 positus,
367 4651 427 4712 aut
471 4645 685 4730 Hegumenus
738 4645 889 4730 superior
945 4645 1038 4721 erat,
1093 4641 1198 4706 vitam
1243 4645 1412 4726 agerene;

167 4729 307 4823 indeque
328 4731 410 4802 dicti
433 4733 634 4816 coenobitae,
658 4739 693 4798 et
717 4732 833 4800 domus
857 4732 980 4820 inqua
1007 4729 1203 4816 degebant,
1248 4725 1410 4796 Coenobii
