3420 5358
690 307 754 374 269

619 401 821 414 *Ἥ

109 522 240 608 gradum
262 524 451 590 canonicum
474 523 651 603 inclusive,
677 532 711 589 et
734 523 770 590 in
793 527 898 612 primo
915 530 1045 591 tantum
1066 523 1173 610 gradu
1187 525 1342 590 canonico

111 610 206 676 lineae
229 607 448 694 collateralis;
473 609 554 677 item
577 607 778 676 affinitatem
810 613 895 697 parit
917 611 953 678 in
976 614 1080 700 primo
1102 609 1211 698 gradu
1235 609 1343 676 lineae

109 703 209 764 rectae
231 705 303 764 tam
326 696 584 778 ascendentium,
611 705 681 763 tum
699 696 978 780 descendentium,
995 699 1079 787 quse
1096 697 1345 764 matrimonium

109 785 241 870 dirimit;
265 785 352 852 unde
374 807 441 850 non
462 792 575 874 potest
597 785 764 873 adoptans
792 787 917 852 nubere
948 809 1021 853 cum
1053 807 1155 853 uxore
1179 785 1342 872 adoptati,

110 895 161 939 nec
182 872 361 976 adoptatus
385 895 457 939 cnm
482 895 583 940 uxore
618 872 821 961 adoptantis.
868 873 962 941 Talis
997 880 1108 940 autem
1132 877 1284 960 cognatio
1308 873 1342 938 in

110 961 186 1028 linea
208 960 340 1049 quidem
372 961 620 1027 ascendentium
656 968 708 1027 est
741 962 1011 1050 impedimentum
1071 969 1254 1051 erpetuum,
1279 984 1344 1027 nou

109 1071 178 1114 vero
207 1051 241 1114 in
285 1049 372 1114 linea
416 1049 614 1130 collaterali,
650 1048 796 1137 adeoque
831 1049 941 1116 soluta
980 986 1113 1138 quidem
1155 1048 1342 1137 adoptione.

109 1141 247 1203 remanet
291 1136 399 1202 adhuc
436 1137 526 1203 inter
569 1137 785 1203 ascendentes
833 1144 868 1204 et
913 1137 1150 1206 descendentes
1190 1136 1345 1224 cognatio

108 1223 237 1312 legalis;
262 1222 386 1290 desinit
408 1231 520 1292 tamen
553 1225 634 1291 haec
667 1225 821 1312 cognatio
847 1228 879 1291 in
912 1225 1000 1292 linea
1024 1225 1215 1305 collaterali,
1234 1223 1345 1290 soluta

108 1311 354 1487 apoppippp)vsl
379 1335 438 1402 per
461 1320 600 1380 mortem
637 1313 840 1404 adoptantis,
877 1314 931 1380 vel
962 1337 1021 1403 per
1051 1313 1345 1400 emancipationem

109 1423 123 1465 a
147 1423 185 1490 op
203 1422 221 1467 a
239 1423 261 1467 ι.

295 1601 330 1696 ἓ.
362 1599 455 1680 114.
490 1599 855 1704 Impedimentum
882 1599 1139 1684 affinitatis.

194 1789 355 1856 Affinitas
377 1795 430 1855 est
452 1790 684 1880 propinquitas
724 1791 941 1879 quarumdam
965 1813 1181 1879 personarum
1206 1795 1281 1856 orta
1305 1811 1346 1854 ex

108 1875 216 1965 copula
247 1877 374 1944 carnali
409 1877 527 1959 licita,
553 1882 605 1944 vel
640 1877 762 1945 illicita
799 1879 900 1945 unius
924 1903 996 1946 cum
1021 1880 1265 1965 consanguineo
1291 1877 1344 1943 vel

107 1965 344 2053 consanguinea
376 1965 527 2032 alterius.
563 1965 654 2054 Ergo
690 1967 831 2034 maritus
863 1975 916 2034 est
954 1967 1065 2034 affinis
1089 1965 1345 2051 consanguineis

108 2053 212 2120 uxoris
234 2055 324 2120 sicut
356 2074 440 2119 uxor
462 2053 576 2122 affinis
607 2061 659 2122 est
691 2056 945 2146 consanguineis
974 2055 1097 2123 mariti.
1144 2055 1225 2121 Cum
1258 2053 1346 2120 enim

108 2145 236 2208 maritus
259 2152 294 2208 et
316 2164 400 2208 uxor
421 2150 650 2210 consummata
673 2165 709 2211 οο
735 2143 792 2209 ula
815 2144 899 2208 liant
921 2166 997 2210 caro
1013 2166 1089 2225 una,
1107 2142 1345 2226 consanguinei

108 2228 198 2295 unius
220 2229 307 2296 fiunt
330 2229 508 2318 propinqui
531 2231 682 2298 alterius.
705 2167 747 2296 iil
771 2231 944 2298 dicendum
969 2239 1021 2298 est
1043 2233 1144 2298 etiam
1167 2231 1207 2298 de
1229 2251 1345 2295 concu-

107 2317 175 2382 bitu
198 2318 328 2402 illicito,
374 2341 410 2384 er
433 2319 520 2404 quod
553 2321 808 2387 concumbentes
838 2319 927 2386 fiunt
957 2342 1032 2386 caro
1066 2341 1133 2386 uua
1157 2319 1288 2386 dicente
1310 2317 1343 2382 S.

107 2403 205 2472 Paulo
229 2404 260 2471 1.
284 2405 327 2472 ad
350 2341 500 2473 dorinth.
539 2407 570 2472 6.
605 2407 681 2496 ,qui
711 2407 870 2474 adhaeret
903 2408 1077 2487 meretrici,
1101 2430 1202 2484 unum
1227 2426 1346 2491 corpus

107 2493 255 2574 efficitur,
279 2501 379 2560 erunt
402 2495 488 2561 enim
519 2494 583 2561 duo
618 2497 652 2562 in
687 2518 785 2561 carne
807 2505 903 2562 una‘
943 2496 1025 2563 Ideo
1048 2496 1181 2562 irritum
1205 2501 1258 2560 est
1282 2513 1346 2558 ma-

108 2581 290 2648 trimonium
312 2583 402 2648 inter
425 2582 613 2670 legitimum
638 2584 821 2671 conjugem,
856 2591 892 2651 st
927 2585 1066 2650 alterius
1089 2581 1242 2670 conjugis
1272 2603 1345 2648 con-

107 2670 300 2756 sanguineos
323 2670 387 2736 sibi
412 2670 529 2736 affines
552 2694 658 2760 nsque
692 2672 734 2736 ad
768 2679 925 2758 quartum
948 2672 1106 2758 gradum;
1132 2683 1233 2757 atque
1256 2670 1346 2734 inter

106 2778 201 2822 uuum
244 2759 513 2826 concumbentem
554 2769 589 2826 et
623 2762 762 2826 alterius
809 2761 979 2848 complicis
1024 2759 1287 2844 consanguineos
1311 2756 1346 2821 iu

105 2845 204 2932 primo
225 2845 278 2913 vel
304 2847 446 2913 secundo
468 2847 586 2934 gradu.
611 2848 746 2916 Gradus
781 2853 892 2914 autem
916 2855 1154 2935 computantur
1173 2847 1273 2933 juxta
1297 2865 1344 2909 re-

106 2932 234 3018 gulam:
259 2933 334 3017 Quo
357 2933 464 3020 gradu
487 2939 561 3024 quis
585 2947 638 3002 est
661 2942 823 3023 cognatus
848 2937 915 3016 uni,
938 2936 1050 3002 eodem
1067 2935 1176 3021 gradu
1199 2941 1253 3001 est
1275 2932 1347 2998 affi-

108 3019 155 3086 nis
175 3022 282 3088 alteri.
308 3021 426 3104 Quoad
448 3023 511 3090 hoo
534 3023 804 3113 impedimentum
819 3023 1003 3091 Instructio
1023 3046 1083 3112 pro
1107 3021 1347 3090 Tribunalibus

107 3109 398 3176 mabimonialibus
421 3111 456 3178 in
479 3111 622 3178 Austris
656 3111 865 3199 praescribit.

193 3221 220 3306 ᾗ.
245 3219 298 3286 30.
335 3221 582 3289 Matrimonium
614 3228 877 3290 consummatum
911 3222 1002 3288 inter
1023 3185 1122 3288 unam
1147 3225 1286 3308 partem,
1311 3226 1346 3284 et

108 3304 238 3377 alterius
261 3317 417 3398 quartum
442 3331 545 3394 usque
581 3311 744 3377 inclusive
773 3309 915 3393 gradum
950 3311 1215 3394 consanguineos
1239 3307 1348 3372 alfini·

109 3403 201 3462 utem
224 3399 324 3485 parit,
348 3419 414 3484 qua
436 3398 593 3468 irritatur
622 3398 867 3464 matrimonium
903 3398 993 3464 inter
1016 3397 1147 3463 eosdem
1170 3396 1302 3463 initum.

192 3509 218 3592 ἕ.
242 3507 296 3572 31.
320 3506 525 3574 Concubitus
559 3516 654 3575 extra
687 3506 935 3574 matrimonium
968 3505 1105 3574 babitus
1129 3505 1259 3573 dirimit
1282 3527 1350 3572 ma·

109 3595 288 3661 trimonium
334 3595 595 3662 contrabendum
641 3597 731 3661 inter
765 3617 865 3662 unam
896 3606 1025 3683 partem
1050 3604 1085 3660 et
1108 3595 1249 3660 alterius
1273 3616 1348 3659 con-

108 3684 296 3768 sanguineos
319 3683 352 3748 in
376 3684 482 3770 primo
506 3691 540 3750 et
564 3683 836 3769 secundogradu,
851 3689 914 3764 vel,
933 3693 972 3751 ut
989 3683 1208 3750 communiter
1223 3681 1349 3750 dicitur

108 3772 266 3858 usquead
288 3771 467 3838 secundum
490 3771 632 3860 gradum
656 3771 826 3838 inclusive.

192 3885 219 3970 5.
243 3883 295 3948 32.
320 3881 450 3972 Conjux
472 3883 529 3967 qui
553 3905 626 3950 cum
650 3882 791 3949 alterius
826 3877 1082 3968 consanguineis
1107 3883 1139 3946 in
1164 3883 1270 3969 primo
1296 3881 1349 3948 vel

108 3973 238 4038 meando
272 3976 381 4058 gradu
413 3970 530 4059 copula
559 3971 684 4038 carnali
718 3970 853 4058 culpose
885 3970 1051 4054 jungitur,
1085 3970 1241 4058 privatur
1275 3967 1351 4054 jure

108 4055 244 4125 debitum
291 4059 464 4148 conjuga'e
487 4060 634 4148 petendi,
673 4058 777 4126 donec
827 4059 1108 4145 dispensationem
1155 4057 1350 4124 obtinuerit.

107 4143 163 4212 Hic
184 4149 413 4236 paragraphus
435 4149 510 4234 agit
532 4148 572 4214 de
596 4147 765 4214 affinitate
789 4149 1056 4236 superveniente,
1087 4145 1163 4214 dum
1189 4144 1351 4212 videlicet

108 4255 183 4300 unus
205 4257 246 4302 ex
268 4235 464 4324 conjugibus
495 4258 568 4303 cum
591 4237 732 4303 alterius
768 4233 1023 4320 consanguineis
1060 4231 1244 4301 carnaliter
1267 4255 1352 4300 ccm-

108 4323 264 4404 miscstur,
289 4330 324 4390 et
346 4345 405 4411 per
427 4322 513 4408 hanc
536 4323 803 4392 commixtionem
829 4327 916 4390 intel·
940 4321 1030 4410 ipsos
1060 4323 1221 4410 conjuges
1244 4321 1354 4388 alfini·

108 4419 154 4476 tas
175 4411 351 4494 enascitur,
375 4411 528 4501 quoniam
552 4412 674 4500 conjux
698 4412 786 4480 alter
810 4415 974 4500 cognatus
997 4415 1058 4475 est.

108 4573 301 4584 =——-—--n

174 4661 191 4730 ¹)
210 4661 364 4718 Kntsehlter
382 4663 459 4720 Torn.
483 4663 508 4720 3.
539 4679 600 4736 pag.
622 4663 706 4736 aaa,
