3426 5368
689 369 888 470 ,ec-.-

143 589 304 676 insuper,
336 588 423 675 quod
446 586 635 674 presbyteri
668 586 784 652 Latini
814 587 848 652 in
880 585 1043 654 Ecclesiis
1067 587 1273 654 Graecorum
1304 608 1409 675 neque

143 677 332 755 celebrare,
357 697 462 762 neque
484 673 701 755 funeralibus,
719 677 853 764 nuptiis,
877 696 915 741 ao
939 673 1131 762 Baptiemis,
1157 677 1192 740 et
1215 673 1290 740 aliis
1310 675 1411 744 Grae·

145 763 423 832 commeatibus
461 762 601 849 publicis
625 769 660 830 et
683 751 827 852 privatis
862 764 1034 843 interesse,
1073 767 1133 830 aut
1157 783 1193 828 se
1215 762 1410 844 immiscere,
1478 825 1482 836 ,

145 853 216 920 nisi
241 852 285 919 ad
307 850 371 918 hoo
393 850 582 939 specialiter
628 873 663 918 er
686 853 777 940 ipsos
801 851 947 920 Graecos
963 849 1075 918 vocati
1090 849 1227 932 fuerint,
1252 850 1410 932 audeant,

151 941 206 1008 vel
232 943 456 1030 praesumant.
482 935 578 1022 Quod
602 874 733 1021 dlerici,
758 962 796 1008 ac
818 940 1015 1027 Presbyteri
1042 937 1238 1019 saeualares,
1256 939 1410 1006 monachi

150 1029 370 1108 Graecorum,
394 1049 569 1116 eorumque
592 1027 763 1095 Ecclesiae
786 1050 824 1095 ao
846 1028 1050 1096 Monasteria
1066 1028 1172 1112 bonis,
1195 1048 1410 1116 quaecunque

150 1117 195 1185 de
231 1116 305 1204 jure
340 1117 412 1182 sive
457 1116 705 1199 consuetudine,
742 1116 798 1183 vel
834 1116 918 1184 aliar
964 1115 1214 1205 quomodolibet
1253 1116 1296 1182 ad
1320 1116 1412 1205 ipsos

148 1207 337 1295 pertinent,
370 1204 433 1284 uti,
466 1204 578 1293 potiri,
611 1212 646 1271 et
684 1203 832 1292 gaudere
870 1206 971 1272 libere
1004 1227 1043 1271 ac
1078 1203 1171 1271 licite
1202 1207 1342 1294 possint,
1377 1210 1414 1272 et

148 1293 314 1379 valeant;
338 1315 398 1361 nec
422 1315 487 1360 non
511 1294 671 1374 Abbetes,
696 1298 731 1360 et
753 1293 908 1362 Monachi
943 1294 1071 1375 Graeci,
1096 1313 1274 1383 corumque
1296 1293 1412 1359 Mona-

150 1382 271 1464 steria,
295 1381 369 1450 loca
392 1387 426 1448 et
445 1381 531 1448 bona
554 1403 768 1470 quaecunque
813 1383 965 1450 omnibus
988 1387 1024 1449 et
1046 1381 1189 1470 singulis
1212 1381 1411 1472 privilegiis,

152 1471 429 1560 exemptionibus,
453 1469 605 1551 indultis,
629 1472 749 1556 gratiis
773 1476 807 1538 et
830 1472 1084 1559 praerogativis,
1117 1469 1153 1535 in
1175 1469 1268 1536 bulla
1290 1471 1414 1538 Mare

153 1581 320 1646 magnu
336 1581 367 1624 m
410 1563 601 1646 nuncupata
648 1562 823 1640 contentis,
858 1558 1038 1626 Fratribus
1073 1557 1200 1624 ordinis
1233 1557 1413 1640 Minorum,

152 1647 323 1734 regularis
347 1646 590 1728 observantiae,
615 1667 792 1732 eorumque
809 1647 1030 1728 monasteriis,
1055 1645 1137 1712 locis
1160 1669 1220 1713 seu
1241 1648 1439 1713 conventi·-

154 1737 228 1817 bns,
251 1739 322 1802 tam
346 1757 407 1823 per
428 1734 552 1801 dictam
575 1733 711 1816 bullam,
736 1758 834 1821 qnam
857 1735 942 1801 alias
965 1733 1215 1824 quomodolibet
1236 1736 1413 1818 concessis,

154 1829 191 1891 et
213 1822 442 1904 concedendis,
478 1823 580 1889 etiam
603 1825 663 1903 uti,
688 1827 790 1910 potiri
827 1829 862 1890 et
898 1825 1043 1910 gaudere
1066 1825 1205 1911 possint.
1251 1821 1414 1891 Necnon

156 1912 280 1980 mduae
319 1912 601 1999 Presbyterorum
636 1912 691 1978 vel
726 1911 920 1979 clericorum
945 1913 1158 1994 Graecorum,
1184 1914 1219 1979 in
1254 1913 1415 1980 castitate

156 2002 252 2086 juxta
260 2001 366 2068 ritum
379 2000 581 2069 Graecorum
594 1999 757 2080 viventes,
771 2001 888 2068 iisdem
904 2001 1185 2080 immunitatibus,
1197 2001 1414 2089 exemptioni-

154 2091 228 2175 bus,
252 2088 454 2178 privilegiis
476 2090 597 2178 quibus
622 2091 812 2156 viventibus
861 2112 973 2157 eorum
1005 2088 1089 2157 viris
1112 2090 1331 2178 presbyteris,
1356 2111 1416 2156 seu

153 2179 286 2246 clericis
309 2177 454 2264 gaudere
501 2183 644 2258 oterant
669 2179 846 2264 gaudeant,
872 2186 907 2244 et
929 2178 1088 2244 fruantur
1128 2178 1245 2260 modis,
1269 2177 1411 2245 scientia

153 2273 191 2334 et
213 2272 385 2356 potestate
408 2202 544 2355 paribus
569 2266 787 2352 concedimus,
819 2267 1035 2346 decernimus,
1060 2272 1095 2332 et
1119 2265 1350 2351 declaramus;
1375 2288 1413 2332 ac

154 2358 206 2421 ita
253 2377 290 2421 er
312 2355 355 2420 A.
379 2355 572 2444 Episcopus,
598 2354 792 2446 Episcopos,
816 2361 851 2422 et
874 2355 957 2422 alios
980 2354 1166 2437 Praelatos,
1192 2355 1412 2441 presbyteros

153 2447 190 2510 et
215 2378 354 2509 densos
376 2443 527 2524 Latinos,
550 2466 611 2532 pro
635 2444 735 2510 dictis
759 2450 793 2509 et
816 2443 1066 2532 quibuscunque
1078 2441 1154 2508 aliis
1167 2443 1239 2509 eius
1254 2441 1415 2509 videlicet

153 2530 332 2611 Praelatis,
365 2538 400 2599 et
434 2534 503 2599 suis
527 2532 716 2613 maioribus,
753 2531 814 2597 sub
846 2531 1074 2621 suspensionis
1111 2531 1289 2612 edivinia,
1337 2530 1416 2597 aliis
1494 2601 1499 2610 ,

157 2639 239 2686 vero
261 2618 474 2687 inferioribus
497 2622 559 2687 sub
575 2620 925 2688 excommunicationis
936 2619 1025 2686 latae
1040 2619 1239 2702 sententiae,
1252 2619 1416 2708 privatio·

157 2708 214 2771 nia
235 2707 464 2774 beneficiorum
500 2708 823 2790 Ecclesiasticorum,
857 2730 941 2796 quae
976 2708 1140 2790 obtinent,
1163 2730 1201 2774 ao
1233 2711 1416 2797 perpetuae

158 2792 385 2862 inhabilitatis
408 2795 451 2863 ad
473 2797 535 2864 alia
557 2798 594 2863 in
616 2802 787 2884 posterum
809 2796 989 2863 obtinendo
1012 2799 1084 2884 ipso
1106 2794 1197 2864 facto
1220 2819 1280 2884 per
1303 2817 1417 2886 quem·

151 2881 238 2948 libet
260 2890 377 2950 contra
399 2886 575 2952 iacientem
618 2884 836 2965 incurrendis,
872 2885 987 2974 poeuis
1019 2884 1253 2974 praecipimus,
1279 2884 1414 2952 manda·

151 2992 238 3048 mus,
263 2977 426 3058 quatenus
447 2978 641 3058 praesentes
677 2974 795 3040 literas
830 2996 868 3040 ac
905 2977 1014 3040 omnia
1047 2974 1082 3039 in
1106 2975 1155 3043 eis
1178 2980 1337 3041 contenta
1360 2976 1410 3040 in-

151 3057 359 3126 violabiliter
382 3063 569 3141 observent,
594 3063 704 3146 sicque
725 3081 785 3150 per
808 3069 1021 3148 quoscunque
1033 3060 1058 3128 J
1061 3061 1173 3129 udices
1195 3063 1231 3128 io
1254 3063 1409 3130 Romana

151 3147 246 3212 curia
269 3146 324 3213 val
347 3156 441 3216 extra
463 3171 536 3216 eam
557 3153 593 3214 in
616 3171 811 3234 quacunque
838 3151 1002 3215 instantia
1023 3148 1178 3236 judicari,
1194 3149 1415 3232 sententiani,

152 3239 188 3302 et
211 3234 344 3302 deliniri
366 3237 496 3318 debere,
520 3237 654 3304 sublato
678 3237 726 3305 eis
750 3245 785 3304 et
808 3259 921 3304 eorum
944 3237 1085 3304 cuilibet
1103 3238 1202 3305 aliter
1221 3237 1414 3325 judicandi,

152 3325 377 3390 sententiandi
400 3332 435 3393 et
457 3325 636 3392 deliniendi
680 3326 853 3406 facultate,
889 3348 927 3392 ac
961 3325 1095 3392 irritum
1120 3332 1155 3392 et
1179 3325 1286 3407 inane,
1314 3324 1416 3413 quid·

151 3412 233 3500 quid
256 3433 352 3480 secus
375 3436 475 3503 super
496 3413 548 3479 his
571 3435 591 3478 a
614 3435 818 3502 quocunque,
865 3414 985 3501 quavis
1020 3414 1240 3494 auctoritate,
1264 3413 1417 3481 scienter

153 3501 208 3566 vel
230 3504 425 3588 ignoranter
448 3501 638 3588 contigerit,
662 3501 836 3569 attentari.
870 3503 916 3568 Et
958 3502 1176 3569 nihilominus
1199 3500 1418 3569 Venerabili·

153 3590 216 3656 bus
255 3588 435 3657 Fratribus
469 3589 604 3669 uostris,
638 3589 820 3657 Oasertano
855 3597 890 3657 et
923 3591 1094 3658 Asculano
1141 3587 1329 3680 Episcopis,
1355 3609 1419 3676 per

153 3677 236 3744 haec
258 3678 385 3765 scripta
407 3679 654 3757 committimus,
690 3684 725 3746 et
748 3679 782 3743 in
808 3678 937 3746 virtute
970 3678 1182 3746 obedientiae
1206 3678 1417 3756 mandamus,

153 3772 322 3854 quatenus
345 3766 467 3833 eisdem
480 3767 629 3847 Graecis,
641 3766 948 3853 tam‘Presbyteris,
964 3773 999 3835 et
1012 3765 1158 3848 Clericis,
1173 3765 1413 3854 religiosisque

153 3853 344 3943 praedictis,
390 3877 490 3939 quam
521 3854 748 3922 saecularibus
784 3861 819 3922 et
853 3855 930 3921 aliis
953 3857 1105 3944 personis
1130 3855 1242 3924 diotae
1266 3852 1415 3923 nationis

154 3942 314 4022 Graecae,
349 3942 492 4010 efficacis
523 3941 727 4011 defensionis
759 3943 928 4030 praesidio
967 3943 1179 4025 assistentes,
1202 3943 1333 4011 faciant
1356 3960 1418 4028 per

154 4052 202 4112 se,
227 4030 283 4097 vel
306 4051 366 4118 per
387 4031 491 4097 alium
514 4053 574 4096 seu
596 4025 688 4113 alios,
701 4032 980 4121 praenominatos,
1005 4039 1041 4097 et
1057 4033 1239 4116 quemlibet
1260 4034 1419 4122 ipsorum,

155 4118 432 4201 concessionibus,
465 4117 616 4199 indultis,
654 4120 786 4208 gratiis,
826 4120 1054 4207 indulgentiis,
1089 4142 1148 4188 nec
1173 4142 1238 4186 non
1262 4116 1418 4202 statutis,

156 4207 311 4288 decretis,
336 4212 372 4276 et
394 4205 665 4288 ordinationibus,
699 4206 891 4296 praedictis,
916 4206 1062 4297 pacifice,
1087 4231 1125 4274 ac
1148 4213 1310 4297 perpetuo
1335 4207 1417 4289 frui,

155 4294 390 4384 gaudereque;
415 4317 481 4361 non
504 4294 739 4383 permittentes
762 4317 828 4378 eos,
852 4303 887 4364 et
910 4319 1024 4364 eorum
1058 4297 1241 4385 quemlibet
1262 4295 1299 4364 in
1318 4317 1420 4398 prae-

157 4383 270 4450 missis
293 4383 404 4470 aliquo
426 4383 577 4471 quaesito
601 4384 709 4452 colore
732 4383 913 4466 molestari,
952 4384 1113 4473 impediri,
1138 4385 1416 4474 perturbarique3

157 4470 422 4540 contradictores
445 4471 611 4560 quoslibet
644 4473 834 4562 praedictas
868 4477 903 4540 et
936 4473 1074 4558 quasvis
1103 4473 1188 4539 alias
1253 4493 1353 4540 nenas
1377 4483 1409 4539 et

157 4579 316 4628 censuras
338 4557 591 4642 ecclesiasticas,
605 4560 830 4648 aggravando,
852 4560 1214 4648 reaggravando,inter
1238 4563 1415 4648 ictumque

157 4686 203 4700 -
239 4647 443 4737 apponendo,
478 4653 513 4714 et
543 4648 610 4716 elia
646 4655 835 4738 opportuna
865 4649 953 4736 juris
986 4648 1143 4730 remedia,
1182 4649 1422 4739 appellatione

156 4735 348 4830 postposita
393 4736 636 4826 compescendo,
683 4739 838 4808 invocato
874 4737 976 4806 etiam
999 4736 1128 4808 adhoc
1151 4737 1181 4807 si
1206 4759 1290 4828 opus
1314 4733 1420 4808 fuerit

1350 4856 1387 4916 24
