3464 5366
886 371 929 438 86

799 467 1003 476 -—-—.—....

279 588 358 654 data
381 595 450 675 est;
474 590 532 676 qui
555 592 599 657 ad
622 589 684 658 hoc
706 612 811 681 usque
833 573 970 684 tempus¹
990 597 1077 664 vivit
1100 617 1228 686 semper
1251 596 1286 663 in
1309 598 1379 667 sois
1402 622 1527 672 succes-

279 675 410 749 soribus
434 682 470 745 ct
489 676 653 765 judicium
686 682 856 767 exercet.²)
1516 691 1518 696 ·

794 871 943 986 1111111
960 875 1012 988 ll.

281 1072 352 1152 DE
391 1065 614 1150 JURIBUS
660 1063 861 1145 ROMANI
908 1063 1199 1144 PONTIFICIS
1244 1067 1528 1150 ECCLESIAE

587 1189 935 1272 UNIVERSALIS
960 1189 1215 1270 PRIMA'PIS.

262 1477 266 1491 ,
306 1393 340 1488 ἓ.
370 1387 437 1474 67.
465 1387 529 1471 De
557 1384 743 1470 Juribus
766 1374 954 1466 'Romani
993 1381 1220 1468 Pontifiois
1246 1387 1503 1490 generatim.

197 1613 201 1622 ¹
376 1535 527 1602 Romano
549 1531 707 1601 Pontifici
730 1552 796 1620 qua
819 1529 1001 1598 successori
1025 1530 1191 1621 Principis
1214 1533 1529 1622 Apostolorumcui

205 1684 207 1695 .
280 1629 375 1692 totus
397 1622 526 1691 Christi
550 1622 651 1703 Grex,
668 1642 729 1688 scu
751 1617 904 1687 Ecclesia
926 1639 991 1708 qua
1014 1640 1167 1708 supremo
1191 1625 1226 1688 et
1265 1622 1433 1690 ordinario
1468 1624 1529 1690 Pa-

251 1741 253 1746 ·
281 1711 367 1779 stori
389 1709 578 1779 concredita
601 1713 663 1790 est,
688 1713 722 1774 ot
745 1706 803 1795 qui
861 1711 1037 1774 oteatatem
1077 1706 1206 1795 ligandi
1240 1715 1275 1777 ct
1307 1710 1461 1778 solvendi
1494 1712 1529 1778 in

239 1785 242 1806 ⁸
281 1800 382 1867 terris
405 1803 561 1888 prototo
583 1818 686 1884 grege
708 1795 810 1863 Petro
834 1728 947 1862 datam
967 1793 1183 1877 hereditavit,
1208 1797 1317 1866 omnia
1340 1806 1530 1888 competunt

282 1888 367 1976 jura,
391 1909 476 1976 quae
498 1886 576 1954 huic
598 1884 671 1973 ejus
693 1883 823 1950 muneri
846 1882 1010 1950 divinitus
1032 1883 1222 1951 concredito
1253 1887 1418 1954 correlata
1441 1894 1529 1954 sunt.

282 1975 377 2043 Adeo
402 1997 452 2056 ue,
474 1969 550 2042 'cum
573 1973 751 2040 Romanus
766 1970 926 2038 Pontifex
948 1971 995 2038 sit
1017 1971 1213 2062 principalis
1235 1973 1371 2056 Doctor,
1395 1975 1529 2057 Rector,

282 1998 486 2150 Legisdator,
511 2067 546 2130 et
569 2059 682 2129 Judex
704 2081 888 2148 supremus,
913 2079 953 2126 ex
977 2058 1030 2126 his
1053 2059 1126 2148 ejus
1148 2061 1341 2131 munoribus
1365 2064 1438 2151 jura
1454 2085 1530 2152 quo·

282 2174 346 2240 que
368 2151 516 2239 ejusdem
538 2148 720 2217 derivanda
751 2152 842 2216 sunt.

149 2319 161 2334 ’
283 2333 318 2430 §-
361 2328 429 2413 68.
472 2327 658 2411 Romani
700 2325 929 2409 Pontificio
966 2349 1053 2429 qua
1093 2327 1287 2429 supremi
1313 2328 1532 2413 Ecclesiae

730 2451 930 2534 Doctoris
946 2458 952 2472 ’
966 2451 1083 2558 jura.
1406 2459 1409 2466 '

380 2599 551 2669 Romanus
584 2598 753 2680 Pontifex,
799 2619 846 2666 ua
877 2617 1049 2684 supremus
1089 2598 1225 2680 Dorion,
1262 2598 1334 2667 sive
1369 2600 1533 2688 Magister

285 2687 374 2771 fidei,
399 2689 501 2758 habet
520 2689 576 2778 jus
599 2686 642 2754 ad
665 2709 703 2755 ea
726 2621 843 2768 media,
868 2685 988 2775 quibus
1022 2706 1106 2774 pura
1138 2686 1267 2755 Christi
1299 2687 1462 2760 Doctrina
1492 2691 1533 2758 ab

285 2778 437 2846 omnibus
461 2777 628 2859 doceatur,
651 2775 717 2844 toti
740 2775 862 2842 mundo
885 2775 1115 2856 annuncietur,
1138 2781 1172 2842 et
1195 2775 1389 2866 incorrupta
1405 2799 1533 2865 conser-

284 2871 404 2951 vetur3
428 2865 506 2933 hino
526 2865 582 2955 jus
604 2886 664 2954 pro
687 2868 761 2931 tota
783 2861 935 2930 Ecclesia
958 2882 1071 2929 verum
1096 2885 1228 2931 sensum
1260 2863 1433 2953 religionis
1480 2869 1533 2934 do·

286 2953 417 3022 otrinae
439 2953 524 3020 Jesu
547 2951 755 3033 enunciandi,
778 2951 878 3040 idque
901 2950 1030 3017 sivein
1053 2950 1211 3039 Concilio,
1235 2951 1306 3019 sivo
1329 2960 1427 3022 extra
1450 2955 1534 3024 Con-

286 3041 408 3123 cilium,
429 3049 531 3131 atque
554 3040 740 3109 haereticas
763 3039 948 3107 sententias
972 3037 1159 3106 damnandi.
1185 3039 1281 3128 „Ego
1304 3043 1399 3110 oravi
1422 3065 1482 3130 pro
1491 3049 1531 3134 te

285 3131 397 3210 Patre,
421 3136 461 3196 ut
483 3152 547 3196 non
573 3129 708 3197 deficiat
730 3127 813 3194 fides
831 3133 901 3207 tua,
925 3132 960 3192 et
983 3131 1022 3193 tu
1044 3149 1224 3196 conversus
1237 3129 1396 3197 confirma
1408 3130 1533 3199 fratres

218 3234 219 3240 ’
287 3225 397 3299 tuos,“
422 3217 508 3286 dixit
531 3217 697 3288 Christus.
722 3216 818 3299 Quod
841 3216 894 3302 jus
918 3237 1023 3299 neque
1046 3216 1190 3304 singulis
1213 3216 1398 3307 Episcopis,
1430 3241 1534 3309 nequa

287 3306 438 3374 omnibus
449 3306 549 3374 simul
562 3306 704 3396 sumptis
728 3306 801 3372 sine
823 3303 917 3371 Petri
925 3325 1113 3372 successore
1122 3309 1289 3394 competit.
1302 3306 1534 3394 Magisterium

286 3417 361 3460 nam
386 3416 426 3462 ue
448 3393 621 3463 Ecclesiae
645 3392 824 3481 collegium
847 3391 1089 3481 Episcoporum
1112 3415 1186 3461 curn
1208 3393 1310 3468 Petro
1333 3400 1476 3478 tantum,
1501 3401 1560 3466 et,

286 3503 347 3573 per
398 3494 505 3550 etrum
528 3483 563 3550 in
585 3483 656 3551 suis
679 3481 923 3550 suecessoribus
953 3479 1114 3550 Romanis
1150 3481 1371 3568 Pontificibus
1406 3507 1473 3552 sem
1500 3507 1536 3551 er

287 3571 467 3654 viventem,
491 3571 548 3659 qui
572 3571 823 3639 fundamentum
846 3568 1086 3651 inconcussum,
1111 3576 1146 3637 et
1168 3578 1265 3659 petra
1287 3570 1366 3638 fidoi
1403 3573 1438 3638 in
1472 3507 1534 3642 ide·

288 3657 388 3727 alesia
411 3666 473 3740 est,
498 3660 685 3727 constitnit.
710 3659 821 3743 Quare
843 3657 877 3723 in
901 3655 1049 3724 Concilio
1083 3656 1391 3746 Hierosolymitano
1414 3660 1536 3728 Petrus

288 3748 413 3834 primns
438 3747 583 3813 omnium
606 3748 764 3836 loquitur,
779 3767 817 3812 ac
832 3757 986 3833 suprema
1008 3766 1069 3812 sua
1092 3747 1294 3814 auctoritate
1307 3747 1535 3836 quaestionem

289 3833 436 3920 dirimit,
460 3856 521 3901 nec
545 3835 717 3924 quisquam
741 3833 837 3912 alter,
860 3832 916 3921 jus
939 3830 1001 3898 hoc
1024 3833 1126 3915 Petri,
1152 3833 1288 3923 ejusque
1310 3857 1534 3903 successorum

289 3922 471 4011 proprium,
495 3928 535 3990 ut
557 3925 688 3991 nomine
710 3920 881 3990 Ecclesiae
905 3919 1089 3988 doctrinam
1112 3922 1257 3989 nondum
1282 3923 1452 3991 definitam
1461 3945 1536 4014 pro·

288 4010 473 4093 nunciaret,
499 4017 532 4077 et
555 4010 588 4077 in
614 4032 735 4098 genere
757 4011 888 4076 nomine
910 4007 1017 4077 totius
1035 4009 1204 4078 Ecclesiae
1241 4010 1443 4100 loqueretur,
1479 4034 1537 4080 un·

289 4120 387 4184 quam
408 4098 473 4166 sibi
496 4121 653 4186 arrogare
674 4097 908 4188 praesumpsit,
933 4117 993 4163 neo
1015 4097 1220 4166 universitas
1244 4099 1377 4188 quidem
1400 4099 1537 4190 Episco-

290 4209 415 4274 porum,
436 4191 613 4276 antequam
636 4209 749 4255 eorum
772 4184 940 4253 sententia
962 4182 1040 4253 fidei
1062 4187 1064 4194 “
1086 4208 1145 4276 per
1175 4185 1270 4254 Petri
1315 4209 1537 4257 successorem

290 4273 550 4356 confirmaretur,
574 4274 627 4342 illi
650 4277 737 4343 enim
760 4274 821 4341 soli
846 4273 972 4340 dictum
995 4280 1047 4341 est
1070 4297 1089 4342 a
1113 4274 1271 4344 Christo:
1297 4275 1364 4356 ,Et
1387 4281 1427 4342 tu
1463 4299 1537 4344 oon·

289 4363 384 4429 firma
407 4361 531 4430 fratres
554 4369 660 4432 tuos.“
684 4365 798 4449 Atque
820 4361 901 4428 haee
923 4361 1108 4430 inerrantia
1149 4385 1223 4431 oum
1246 4384 1380 4431 munere
1392 4365 1537 4454 supremi

289 4449 460 4518 Ecclesiae
482 4451 638 4519 Doctoris
660 4453 761 4520 Petro
784 4449 907 4518 collato
931 4451 1117 4533 con'uncta,
1143 4451 1387 4520 derivandaest
1411 4475 1452 4519 ex
1474 4475 1537 4520 me·

290 4540 358 4606 rito
382 4537 562 4606 distinctae
586 4541 747 4609 orationis
769 4537 897 4608 Christi
919 4541 961 4606 ad
983 4477 1128 4621 i'atrem,
1153 4545 1192 4607 ut
1215 4546 1303 4608 esset
1336 4540 1459 4608 Petrus
1482 4540 1537 4607 fir·

366 4739 385 4810 ¹)
406 4737 507 4795 Concil.
527 4737 626 4809 Ephes.
645 4737 760 4796 Actione
779 4740 803 4793 3.
