3476 5366
889 291 953 358 170

813 387 1017 398 mmo——

291 514 396 580 multo
443 513 551 580 minus
575 513 616 578 ad
640 535 712 602 eam
749 514 925 601 pertinere,
973 514 1104 600 exigere
1149 535 1209 602 per
1243 515 1310 580 vim
1335 517 1535 583 exteriorem

291 600 526 688 subjectionem
551 601 621 666 suis
644 599 810 668 decretis:
845 640 882 650 -
912 607 1075 686 quatenus
1110 600 1145 668 in
1194 601 1424 671 determinatis
1467 605 1537 671 illis

291 690 400 756 verbis
421 687 629 756 extendendo
652 688 770 755 adres
794 689 976 756 exteriores
999 695 1094 758 notet
1118 688 1211 756 velut
1227 691 1365 764 abusum
1389 693 1536 761 auctore.

289 777 373 844 tatis
394 777 574 858 Ecclesiae,
619 798 715 842 usum
740 777 811 864 ejus
834 782 1015 865 potestatis
1061 785 1215 866 acceptae
1249 779 1371 862 aDec,
1395 803 1461 869 qua
1482 783 1536 848 usi

290 871 369 932 sunt
393 872 427 933 et
449 866 583 954 ipsimet
605 865 764 951 Apostoli
786 866 821 930 in
846 865 1020 954 disciplina
1056 869 1220 933 exteriore
1243 868 1476 936 constituenda
1498 874 1536 936 et

290 955 484 1049 sancienda:
507 953 705 1037 Haeretica;
727 975 808 1019 num
832 953 896 1020 V.:
944 954 1017 1036 Qua
1047 959 1144 1043 parte
1167 954 1326 1037 insinuat,
1350 956 1554 1024 Ecclesiam.

288 1065 354 1117 non
376 1042 511 1109 babere.
543 1039 778 1107 auctoritatem
813 1039 882 1110 suis
906 1041 1050 1116 decretis
1096 1043 1335 1130 subjectionem
1380 1039 1536 1132 exigendi

289 1130 389 1204 aliter
412 1152 510 1218 quam
532 1127 718 1216 permedia
741 1150 824 1212 quae
846 1130 993 1216 pendent
1016 1153 1035 1196 a
1058 1131 1280 1218 persuasione,
1305 1159 1348 1182 -·
1370 1138 1538 1221 quatenus

287 1217 451 1297 intendat,
476 1216 660 1284 Ecclesiam
688 1239 768 1298 ,non
793 1217 913 1284 habere
959 1218 1115 1300 collatam
1150 1219 1215 1286 sibi
1245 1241 1264 1284 a
1294 1220 1366 1287 Deo
1389 1226 1537 1309 poteste-

289 1314 365 1387 tem,
390 1329 455 1371 non
478 1305 585 1372 solum
627 1304 794 1391 dirigendi
828 1328 887 1394 per
926 1306 1065 1372 consilia
1088 1312 1123 1373 et
1146 1309 1324 1390 suasiones,
1351 1310 1533 1376 sedetiam
1566 1384 1570 1394 Ι

288 1393 425 1480 jubendi
448 1416 507 1481 per
530 1393 631 1479 leges,
656 1415 694 1460 ao
717 1392 831 1460 devios
855 1397 1127 1479 contumacesque
1162 1398 1324 1464 exteriore
1344 1397 1470 1485 judicio
1493 1413 1535 1462 ao

289 1483 479 1550 salubribus
489 1481 604 1568 poenis
618 1481 786 1548 coercendi
810 1487 910 1570 atque
926 1481 1074 1569 cogendi,
1107 1483 1300 1551 -inducens
1325 1487 1358 1551 in
1381 1484 1535 1570 Systema

289 1571 373 1644 alias
397 1569 589 1653 damnatum
623 1578 662 1635 ut
692 1568 958 1657 haereticum.¹)“
993 1571 1027 1658 2)
1058 1570 1239 1638 deactibus
1271 1595 1353 1660 pure
1376 1573 1534 1641 civilibus
1629 1632 1632 1644 .

288 1657 435 1752 disponit
480 1655 663 1723 auotoritas
708 1657 825 1737 civilis,
850 1680 934 1745 quae
958 1659 1074 1725 mediis
1106 1658 1267 1727 coactivis
1290 1660 1355 1727 sibi
1378 1660 1537 1749 propriis,

227 1741 229 1750 ⁴
289 1768 326 1812 ea
349 1767 432 1833 quae
455 1745 515 1810 fini
539 1745 689 1810 civitatis
712 1767 858 1827 congrua
875 1745 1016 1834 judicat,
1041 1747 1076 1812 in
1100 1745 1253 1815 effectum
1278 1748 1422 1816 deducit.
1440 1752 1473 1834 3)
1487 1747 1540 1814 De

288 1836 417 1900 actibus
441 1834 564 1912 mixtis,
589 1853 728 1921 quorum
751 1834 889 1900 effectus
929 1835 1148 1901 ecclesiastici
1184 1857 1203 1900 a
1227 1837 1380 1904 civilibus
1403 1857 1536 1924 separa·

288 1923 371 1987 biles
394 1929 483 2002 sunt,
507 1924 615 2009 quoad
639 1921 776 1986 effectus
822 1922 1063 1988 ecclesiasticos
1096 1923 1258 2004 Ecclesia,
1287 1926 1395 2009 quoad
1418 1923 1537 2004 civiles

288 2018 398 2076 autem
423 2009 553 2076 Civitas
577 2009 748 2097 disponit,
773 2009 820 2076 sic
844 2011 877 2074 in
899 2009 1244 2099 Matrimonio'quoad
1262 2013 1429 2101 vinculum
1441 2011 1534 2077 inter

288 2098 445 2186 conjuges
488 2096 649 2177 Ecclesia,
696 2098 803 2184 quoad
848 2098 923 2181 jura
968 2105 1080 2164 autem
1126 2100 1240 2178 civilia
1279 2102 1456 2187 conjugum
1501 2105 1539 2164 et

288 2186 526 2252 successionem
569 2207 607 2250 ac
651 2184 871 2252 hereditatem
917 2186 1067 2272 prolium,
1126 2187 1244 2254 civitas
1296 2187 1453 2277 disponit.
1499 2186 1537 2272 4)
1622 2185 1625 2198 '

288 2273 410 2346 Relate
454 2273 496 2338 ad
542 2280 636 2338 actus
693 2273 824 2354 mixtos,
856 2297 1017 2363 ¹quorum
1069 2275 1207 2342 effectus
1253 2275 1467 2343 ecclesiastici
1517 2296 1537 2340 a

242 2365 244 2372 ’
288 2361 440 2428 civilibus
496 2360 734 2446 inseparabiles
788 2367 877 2442 sunt,
938 2362 1210 2450 distinguendum
1267 2369 1328 2444 est,
1391 2385 1434 2428 an
1493 2361 1536 2428 de

288 2448 418 2537 objecto
464 2449 633 2515 essentiali
676 2448 774 2514 finem
819 2449 987 2516 Ecclesiae
1031 2453 1237 2540 respiciente,
1278 2460 1338 2517 aut
1383 2473 1461 2518 vero
1493 2448 1536 2516 de

288 2537 488 2604 accidentali
511 2559 617 2603 sermo
640 2536 709 2620 sit;
733 2537 826 2625 sique
864 2545 916 2604 est
939 2539 1114 2626 objectum.
1147 2540 1234 2609 circa
1256 2539 1344 2624 quod
1363 2542 1450 2606 actio
1473 2560 1532 2626 po·

233 2669 235 2673 -
287 2629 388 2706 nitor,
414 2626 600 2704 essentiale,
626 2624 666 2690 de
689 2646 752 2712 quo
775 2625 925 2692 Ecclesia
945 2626 1084 2713 judicat,
1098 2627 1250 2694 Ecclesia
1272 2628 1431 2715 disponit,
1457 2648 1532 2692 cum

286 2713 372 2780 illud
395 2713 600 2780 commodum
623 2712 770 2778 civitatis
792 2713 952 2800 impedire
985 2737 1050 2779 non
1080 2717 1207 2802 possit:
1232 2717 1261 2782 si
1285 2737 1364 2782 vero
1388 2716 1428 2783 de
1451 2713 1536 2781 acci-

288 2801 415 2868 dentali
439 2802 568 2889 objecto
592 2801 743 2888 quaestio
766 2800 836 2880 fiat,
867 2801 1018 2868 Ecclesia
1064 2804 1196 2891 quidem
1233 2804 1390 2891 disponit,
1414 2806 1463 2868 ita
1485 2807 1537 2868 ta·

286 2911 371 2968 men,
396 2889 544 2955 natalia
568 2889 753 2954 constituat
782 2896 843 2954 aut
877 2890 1014 2972 ordinet,
1046 2912 1129 2978 quae
1152 2892 1324 2980 Imperans
1348 2891 1468 2972 civilis,
1492 2889 1536 2955 ad

286 3000 382 3065 quem
406 2983 537 3066 spectat
561 2976 601 3042 de
623 2976 685 3042 hac
707 2997 743 3041 re
764 2975 924 3062 judicium
967 2978 1063 3060 ferre,
1110 2980 1204 3046 velut
1249 2981 1365 3045 nociva
1401 2977 1537 3046 civitati

204 3137 206 3142 ,
286 3069 407 3132 censet.
454 3067 488 3152 5)
524 3066 632 3129 Actus
660 3063 713 3128 illi
737 3086 819 3151 pure
864 3066 1091 3147 ecclesiastici,
1115 3068 1172 3156 qui
1195 3067 1237 3132 ad
1260 3067 1359 3133 finem
1383 3065 1535 3135 civitatis

286 3152 429 3220 mediate
453 3153 560 3219 solum
582 3151 739 3231 influunt,
764 3153 1008 3222 nonobstante
1038 3155 1112 3221 hoc‘
1133 3155 1270 3235 influxa,
1317 3153 1533 3244 dispositioni

285 3243 464 3330 potestatis
488 3241 731 3308 ecclesiasticae
763 3243 997 3330 subjiciuntur,
1034 3249 1067 3309 et
1097 3244 1268 3331 Imperans
1293 3243 1402 3309 civilis
1425 3242 1466 3308 de
1488 3240 1532 3306 si-

286 3330 418 3396 milibus
442 3329 580 3418 objectis
603 3351 675 3395 cum
696 3328 822 3416 judicio
866 3330 1045 3412 Ecclesiae,
1067 3331 1199 3418 juribus
1230 3331 1409 3418 potestatis
1433 3329 1535 3396 cocle-

286 3418 440 3484 siasticae
465 3417 678 3484 conformiter
702 3417 859 3504 disponit.
894 3419 1029 3485 Etenim
1064 3427 1158 3486 actus
1188 3421 1275 3486 tales
1299 3442 1339 3486 ex
1360 3419 1535 3506 supposito

286 3507 382 3572 unice
404 3509 438 3572 in
461 3513 594 3575 tantum
617 3505 767 3572 civitatis
797 3506 897 3572 finem
932 3507 1092 3593 adjuvare
1138 3513 1291 3595 possunt,
1311 3508 1346 3573 in
1369 3511 1532 3595 quantum

285 3594 454 3662 Ecclesiae
477 3595 575 3659 finem
599 3599 803 3680 promovent.
828 3594 902 3660 Non
925 3618 1018 3661 secus
1042 3602 1152 3662 autem
1177 3597 1210 3680 6)
1234 3595 1274 3662 de
1298 3596 1428 3662 actibus
1451 3613 1533 3684 pure

287 3681 444 3747 civilibus
468 3681 545 3758 illis,
570 3684 625 3769 qui
648 3683 870 3766 promovendo
915 3683 1035 3748 bonum
1071 3684 1222 3750 civitatis
1267 3683 1410 3750 mediate
1433 3682 1531 3748 finem

286 3773 385 3835 etiam
410 3769 578 3834 Ecclesiae
601 3768 773 3856 adjuvant,
798 3769 1113 3858 soliusImperantis
1130 3771 1240 3838 civilis
1264 3781 1314 3838 est
1339 3771 1524 3858 disponere,

286 3860 362 3947 quia
386 3857 429 3922 ad
453 3859 539 3922 hunc
563 3857 670 3922 solum
700 3862 831 3945 spectat
862 3857 1044 3945 dijudicare
1089 3859 1245 3947 quidnam
1276 3860 1335 3925 fini
1370 3858 1531 3927 Civitatis

285 3945 470 4034 conveniat,
516 3944 704 4032 specialiter
749 3951 859 4010 autem
905 3947 1030 4012 limites
1068 3948 1243 4037 utriusque
1277 3947 1458 4036 potestatis
1493 3945 1537 4011 ad

261 4035 461 4100 ⁴evitandas
485 4033 672 4099 collisiones
718 4033 872 4119 positivis
907 4034 1007 4099 etiam
1049 4035 1177 4121 legibus
1200 4045 1235 4102 et
1258 4033 1532 4103 conventionibus

286 4125 375 4187 inter
396 4128 575 4208 utramque
598 4125 800 4208 potestatem
835 4122 1093 4188 ecclesiasticam
1138 4145 1253 4211 nempe
1277 4129 1310 4190 et
1334 4123 1467 4189 civilem
1491 4121 1536 4188 a'd

286 4210 492 4276 concordiam
537 4209 641 4289 initis,
667 4207 752 4276 unde
776 4207 863 4280 tales
909 4212 1146 4278 conventiones
1191 4213 1293 4278 etiam
1322 4209 1532 4282 Concordata

286 4304 458 4378 vocantur,
483 4297 697 4362 determinari
720 4296 838 4364 solent.
863 4297 928 4364 Pro
959 4297 1103 4386 Imperio
1148 4299 1328 4368 Austriaco
1352 4298 1429 4367 vide
1452 4298 1536 4366 Con·

287 4387 459 4453 cordatum
483 4384 577 4452 1855.
613 4384 745 4451 initum.

288 4551 361 4558 ——a—
379 4553 384 4555 .
425 4551 443 4556 ...
454 4550 492 4555 .-

364 4635 380 4705 ¹)
400 4635 440 4688 Ex
457 4636 559 4690 Bened.
580 4636 648 4692 Xlll.
668 4638 697 4692 in
717 4600 799 4693 Brevi
819 4635 1032 4705 ,adAssiduas‘
1044 4638 1109 4691 anni
1129 4637 1208 4692 1755.
1228 4635 1489 4702 Primati,Archi-
1510 4639 1539 4688 et

288 4707 431 4778 Episcopis
451 4709 589 4763 Poloniae.
