<?xml version="1.0" encoding="UTF-8"?>
<!DOCTYPE html PUBLIC "-//W3C//DTD XHTML 1.0 Transitional//EN"
    "http://www.w3.org/TR/xhtml1/DTD/xhtml1-transitional.dtd">
<html xmlns="http://www.w3.org/1999/xhtml" xml:lang="en" lang="en">
 <head>
  <title>
</title>
<meta http-equiv="Content-Type" content="text/html;charset=utf-8" />
  <meta name='ocr-system' content='tesseract 3.04.00' />
  <meta name='ocr-capabilities' content='ocr_page ocr_carea ocr_par ocr_line ocrx_word'/>
</head>
<body>
  <div class='ocr_page' id='page_1' title='image "./enchiridionjuri00pappgoog_0279.png"; bbox 0 0 3420 5358; ppageno 0'>
   <div class='ocr_carea' id='block_1_1' title="bbox 253 559 1524 2780">
    <p class='ocr_par' dir='ltr' id='par_1_1' title="bbox 253 559 1524 2780">
     <span class='ocr_line' id='line_1_1' title="bbox 263 559 1508 668; baseline -0.001 -23"><span class='ocrx_word' id='word_1_1' title='bbox 263 559 364 662; x_wconf 80' lang='lat' dir='ltr'><strong>bium,</strong></span> <span class='ocrx_word' id='word_1_2' title='bbox 389 585 423 646; x_wconf 90' lang='lat' dir='ltr'><strong>et</strong></span> <span class='ocrx_word' id='word_1_3' title='bbox 446 600 486 646; x_wconf 91' lang='lat' dir='ltr'><strong>an</strong></span> <span class='ocrx_word' id='word_1_4' title='bbox 510 579 754 647; x_wconf 80' lang='lat' dir='ltr'><strong>matrimonium</strong></span> <span class='ocrx_word' id='word_1_5' title='bbox 801 601 1026 647; x_wconf 90' lang='lat' dir='ltr'><strong>consummare</strong></span> <span class='ocrx_word' id='word_1_6' title='bbox 1072 578 1209 647; x_wconf 88' lang='lat' dir='ltr'><strong>valeant</strong></span> <span class='ocrx_word' id='word_1_7' title='bbox 1253 578 1508 668; x_wconf 75' lang='lat' dir='ltr'><strong>experiantur‚¹)</strong></span> 
     </span>
     <span class='ocr_line' id='line_1_2' title="bbox 263 667 1510 755; baseline -0.002 -20"><span class='ocrx_word' id='word_1_8' title='bbox 263 667 388 755; x_wconf 81' lang='lat' dir='ltr'>Elapso</span> <span class='ocrx_word' id='word_1_9' title='bbox 412 667 558 734; x_wconf 91' lang='lat' dir='ltr'><strong>triennio</strong></span> <span class='ocrx_word' id='word_1_10' title='bbox 582 667 608 734; x_wconf 86' lang='lat' dir='ltr'><strong>si</strong></span> <span class='ocrx_word' id='word_1_11' title='bbox 635 667 828 734; x_wconf 87' lang='lat' dir='ltr'><strong>inveniatur</strong></span> <span class='ocrx_word' id='word_1_12' title='bbox 851 667 1096 735; x_wconf 80' lang='lat' dir='ltr'><strong>matrimonium</strong></span> <span class='ocrx_word' id='word_1_13' title='bbox 1121 687 1185 732; x_wconf 88' lang='lat' dir='ltr'><strong>non</strong></span> <span class='ocrx_word' id='word_1_14' title='bbox 1210 687 1283 734; x_wconf 86' lang='lat' dir='ltr'><strong>esee</strong></span> <span class='ocrx_word' id='word_1_15' title='bbox 1307 689 1510 734; x_wconf 90' lang='lat' dir='ltr'><strong>consumma·</strong></span> 
     </span>
     <span class='ocr_line' id='line_1_3' title="bbox 253 754 1511 844; baseline -0.001 -22"><span class='ocrx_word' id='word_1_16' title='bbox 253 763 345 837; x_wconf 81' lang='lat' dir='ltr'><strong>tum,</strong></span> <span class='ocrx_word' id='word_1_17' title='bbox 369 756 404 821; x_wconf 93' lang='lat' dir='ltr'><strong>id</strong></span> <span class='ocrx_word' id='word_1_18' title='bbox 424 755 550 842; x_wconf 89' lang='lat' dir='ltr'><strong>judicio</strong></span> <span class='ocrx_word' id='word_1_19' title='bbox 573 755 755 838; x_wconf 78' lang='lat' dir='ltr'><strong>Ecclesiae,</strong></span> <span class='ocrx_word' id='word_1_20' title='bbox 779 777 845 822; x_wconf 93' lang='lat' dir='ltr'><strong>non</strong></span> <span class='ocrx_word' id='word_1_21' title='bbox 869 756 941 822; x_wconf 89' lang='lat' dir='ltr'><strong>sola</strong></span> <span class='ocrx_word' id='word_1_22' title='bbox 965 755 1113 844; x_wconf 91' lang='lat' dir='ltr'><strong>partium</strong></span> <span class='ocrx_word' id='word_1_23' title='bbox 1136 754 1313 821; x_wconf 90' lang='lat' dir='ltr'><strong>voluntate</strong></span> <span class='ocrx_word' id='word_1_24' title='bbox 1359 755 1511 822; x_wconf 88' lang='lat' dir='ltr'><strong>dissolvi-</strong></span> 
     </span>
     <span class='ocr_line' id='line_1_4' title="bbox 263 843 1510 932; baseline 0.001 -24"><span class='ocrx_word' id='word_1_25' title='bbox 263 849 341 929; x_wconf 79' lang='lat' dir='ltr'><strong>tnr3</strong></span> <span class='ocrx_word' id='word_1_26' title='bbox 366 849 400 910; x_wconf 93' lang='lat' dir='ltr'><strong>et</strong></span> <span class='ocrx_word' id='word_1_27' title='bbox 423 866 501 932; x_wconf 88' lang='lat' dir='ltr'><strong>pars</strong></span> <span class='ocrx_word' id='word_1_28' title='bbox 524 843 660 930; x_wconf 82' lang='lat' dir='ltr'>copulae</span> <span class='ocrx_word' id='word_1_29' title='bbox 683 844 811 924; x_wconf 92' lang='lat' dir='ltr'><strong>idonea,</strong></span> <span class='ocrx_word' id='word_1_30' title='bbox 835 850 895 910; x_wconf 92' lang='lat' dir='ltr'><strong>aut</strong></span> <span class='ocrx_word' id='word_1_31' title='bbox 918 843 1077 928; x_wconf 86' lang='lat' dir='ltr'><strong>siqnidem</strong></span> <span class='ocrx_word' id='word_1_32' title='bbox 1123 843 1320 931; x_wconf 74' lang='lat' dir='ltr'><strong>impotentia</strong></span> <span class='ocrx_word' id='word_1_33' title='bbox 1364 843 1510 910; x_wconf 88' lang='lat' dir='ltr'><strong>relativa</strong></span> 
     </span>
     <span class='ocr_line' id='line_1_5' title="bbox 264 930 1512 1019; baseline -0.001 -21"><span class='ocrx_word' id='word_1_34' title='bbox 264 931 320 1011; x_wconf 88' lang='lat' dir='ltr'><strong>sit,</strong></span> <span class='ocrx_word' id='word_1_35' title='bbox 343 953 421 1019; x_wconf 89' lang='lat' dir='ltr'><strong>pars</strong></span> <span class='ocrx_word' id='word_1_36' title='bbox 444 937 585 1019; x_wconf 90' lang='lat' dir='ltr'><strong>utraque</strong></span> <span class='ocrx_word' id='word_1_37' title='bbox 611 931 854 998; x_wconf 84' lang='lat' dir='ltr'><strong>matrimonium</strong></span> <span class='ocrx_word' id='word_1_38' title='bbox 879 932 1040 1000; x_wconf 82' lang='lat' dir='ltr'><strong>eumalio</strong></span> <span class='ocrx_word' id='word_1_39' title='bbox 1064 952 1207 1019; x_wconf 88' lang='lat' dir='ltr'><strong>persona</strong></span> <span class='ocrx_word' id='word_1_40' title='bbox 1228 930 1356 1016; x_wconf 88' lang='lat' dir='ltr'><strong>poterit</strong></span> <span class='ocrx_word' id='word_1_41' title='bbox 1379 935 1512 999; x_wconf 89' lang='lat' dir='ltr'><strong>contra·</strong></span> 
     </span>
     <span class='ocr_line' id='line_1_6' title="bbox 264 1018 1513 1109; baseline 0 -23"><span class='ocrx_word' id='word_1_42' title='bbox 264 1019 352 1088; x_wconf 88' lang='lat' dir='ltr'><strong>here.</strong></span> <span class='ocrx_word' id='word_1_43' title='bbox 377 1018 474 1103; x_wconf 78' lang='lat' dir='ltr'><strong>Quod</strong></span> <span class='ocrx_word' id='word_1_44' title='bbox 497 1020 526 1086; x_wconf 87' lang='lat' dir='ltr'><strong>ai</strong></span> <span class='ocrx_word' id='word_1_45' title='bbox 550 1024 662 1086; x_wconf 89' lang='lat' dir='ltr'><strong>antem</strong></span> <span class='ocrx_word' id='word_1_46' title='bbox 687 1019 854 1090; x_wconf 90' lang='lat' dir='ltr'><strong>alterutra</strong></span> <span class='ocrx_word' id='word_1_47' title='bbox 876 1039 954 1107; x_wconf 90' lang='lat' dir='ltr'><strong>pars</strong></span> <span class='ocrx_word' id='word_1_48' title='bbox 977 1026 1073 1109; x_wconf 89' lang='lat' dir='ltr'><strong>petat</strong></span> <span class='ocrx_word' id='word_1_49' title='bbox 1096 1018 1350 1106; x_wconf 86' lang='lat' dir='ltr'><strong>separationem,</strong></span> <span class='ocrx_word' id='word_1_50' title='bbox 1375 1025 1410 1086; x_wconf 90' lang='lat' dir='ltr'><strong>et</strong></span> <span class='ocrx_word' id='word_1_51' title='bbox 1426 1019 1513 1086; x_wconf 89' lang='lat' dir='ltr'><strong>nolit</strong></span> 
     </span>
     <span class='ocr_line' id='line_1_7' title="bbox 264 1105 1513 1196; baseline -0.002 -22"><span class='ocrx_word' id='word_1_52' title='bbox 264 1106 410 1174; x_wconf 88' lang='lat' dir='ltr'><strong>triennio</strong></span> <span class='ocrx_word' id='word_1_53' title='bbox 433 1107 594 1188; x_wconf 90' lang='lat' dir='ltr'><strong>habitare,</strong></span> <span class='ocrx_word' id='word_1_54' title='bbox 620 1108 671 1174; x_wconf 92' lang='lat' dir='ltr'><strong>vel</strong></span> <span class='ocrx_word' id='word_1_55' title='bbox 697 1109 820 1174; x_wconf 90' lang='lat' dir='ltr'><strong>morale</strong></span> <span class='ocrx_word' id='word_1_56' title='bbox 843 1109 890 1173; x_wconf 89' lang='lat' dir='ltr'><strong>sit</strong></span> <span class='ocrx_word' id='word_1_57' title='bbox 912 1108 1095 1196; x_wconf 88' lang='lat' dir='ltr'><strong>periculum</strong></span> <span class='ocrx_word' id='word_1_58' title='bbox 1119 1105 1391 1188; x_wconf 81' lang='lat' dir='ltr'><strong>incontinentiae,</strong></span> <span class='ocrx_word' id='word_1_59' title='bbox 1440 1106 1513 1174; x_wconf 86' lang='lat' dir='ltr'><strong>nul-</strong></span> 
     </span>
     <span class='ocr_line' id='line_1_8' title="bbox 265 1194 1515 1284; baseline 0 -24"><span class='ocrx_word' id='word_1_60' title='bbox 265 1195 345 1262; x_wconf 89' lang='lat' dir='ltr'><strong>litas</strong></span> <span class='ocrx_word' id='word_1_61' title='bbox 369 1194 571 1263; x_wconf 86' lang='lat' dir='ltr'><strong>matrimonii</strong></span> <span class='ocrx_word' id='word_1_62' title='bbox 594 1197 842 1284; x_wconf 87' lang='lat' dir='ltr'><strong>pronuncianda</strong></span> <span class='ocrx_word' id='word_1_63' title='bbox 866 1201 925 1277; x_wconf 90' lang='lat' dir='ltr'><strong>est,</strong></span> <span class='ocrx_word' id='word_1_64' title='bbox 952 1195 1127 1262; x_wconf 91' lang='lat' dir='ltr'><strong>dummodo</strong></span> <span class='ocrx_word' id='word_1_65' title='bbox 1151 1195 1339 1262; x_wconf 84' lang='lat' dir='ltr'><strong>verosimile</strong></span> <span class='ocrx_word' id='word_1_66' title='bbox 1363 1196 1410 1261; x_wconf 89' lang='lat' dir='ltr'><strong>sit</strong></span> <span class='ocrx_word' id='word_1_67' title='bbox 1455 1196 1515 1261; x_wconf 90' lang='lat' dir='ltr'><strong>im·</strong></span> 
     </span>
     <span class='ocr_line' id='line_1_9' title="bbox 265 1282 1514 1372; baseline -0.002 -22"><span class='ocrx_word' id='word_1_68' title='bbox 265 1282 451 1372; x_wconf 87' lang='lat' dir='ltr'><strong>potentiam</strong></span> <span class='ocrx_word' id='word_1_69' title='bbox 474 1284 674 1365; x_wconf 79' lang='lat' dir='ltr'><strong>subversori,</strong></span> <span class='ocrx_word' id='word_1_70' title='bbox 699 1284 786 1372; x_wconf 93' lang='lat' dir='ltr'><strong>quod</strong></span> <span class='ocrx_word' id='word_1_71' title='bbox 809 1284 1046 1350; x_wconf 84' lang='lat' dir='ltr'><strong>constabilitur</strong></span> <span class='ocrx_word' id='word_1_72' title='bbox 1069 1304 1128 1370; x_wconf 89' lang='lat' dir='ltr'><strong>per</strong></span> <span class='ocrx_word' id='word_1_73' title='bbox 1158 1282 1384 1370; x_wconf 88' lang='lat' dir='ltr'><strong>juramentum</strong></span> <span class='ocrx_word' id='word_1_74' title='bbox 1430 1282 1514 1350; x_wconf 87' lang='lat' dir='ltr'><strong>utri-</strong></span> 
     </span>
     <span class='ocr_line' id='line_1_10' title="bbox 267 1370 1516 1461; baseline -0.001 -23"><span class='ocrx_word' id='word_1_75' title='bbox 267 1393 370 1459; x_wconf 88' lang='lat' dir='ltr'><strong>usque</strong></span> <span class='ocrx_word' id='word_1_76' title='bbox 394 1371 545 1457; x_wconf 78' lang='lat' dir='ltr'><strong>conjugis</strong></span> <span class='ocrx_word' id='word_1_77' title='bbox 569 1394 605 1438; x_wconf 90' lang='lat' dir='ltr'><strong>se</strong></span> <span class='ocrx_word' id='word_1_78' title='bbox 627 1395 692 1439; x_wconf 89' lang='lat' dir='ltr'><strong>noo</strong></span> <span class='ocrx_word' id='word_1_79' title='bbox 717 1393 813 1461; x_wconf 90' lang='lat' dir='ltr'><strong>posse</strong></span> <span class='ocrx_word' id='word_1_80' title='bbox 831 1375 927 1452; x_wconf 91' lang='lat' dir='ltr'><strong>coire,</strong></span> <span class='ocrx_word' id='word_1_81' title='bbox 952 1374 1030 1438; x_wconf 93' lang='lat' dir='ltr'><strong>item</strong></span> <span class='ocrx_word' id='word_1_82' title='bbox 1052 1371 1279 1455; x_wconf 84' lang='lat' dir='ltr'><strong>juramentum</strong></span> <span class='ocrx_word' id='word_1_83' title='bbox 1313 1370 1516 1460; x_wconf 90' lang='lat' dir='ltr'><strong>propinquo-</strong></span> 
     </span>
     <span class='ocr_line' id='line_1_11' title="bbox 266 1457 1517 1560; baseline -0.001 -35"><span class='ocrx_word' id='word_1_84' title='bbox 266 1480 339 1525; x_wconf 87' lang='lat' dir='ltr'><strong>rum</strong></span> <span class='ocrx_word' id='word_1_85' title='bbox 363 1481 398 1525; x_wconf 91' lang='lat' dir='ltr'><strong>sc</strong></span> <span class='ocrx_word' id='word_1_86' title='bbox 422 1459 554 1525; x_wconf 90' lang='lat' dir='ltr'><strong>credere</strong></span> <span class='ocrx_word' id='word_1_87' title='bbox 578 1459 733 1547; x_wconf 84' lang='lat' dir='ltr'><strong>conjuges</strong></span> <span class='ocrx_word' id='word_1_88' title='bbox 756 1482 870 1527; x_wconf 91' lang='lat' dir='ltr'><strong>verum</strong></span> <span class='ocrx_word' id='word_1_89' title='bbox 903 1459 1013 1525; x_wconf 88' lang='lat' dir='ltr'><strong>fateri.</strong></span> <span class='ocrx_word' id='word_1_90' title='bbox 1049 1460 1082 1545; x_wconf 83' lang='lat'><strong>3)</strong></span> <span class='ocrx_word' id='word_1_91' title='bbox 1130 1459 1158 1524; x_wconf 91' lang='lat' dir='ltr'><strong>E</strong></span> <span class='ocrx_word' id='word_1_92' title='bbox 1204 1457 1377 1560; x_wconf 91' lang='lat' dir='ltr'><strong>principio,</strong></span> <span class='ocrx_word' id='word_1_93' title='bbox 1425 1458 1517 1547; x_wconf 86' lang='lat' dir='ltr'><strong>quod</strong></span> 
     </span>
     <span class='ocr_line' id='line_1_12' title="bbox 265 1546 1518 1638; baseline -0.001 -25"><span class='ocrx_word' id='word_1_94' title='bbox 265 1551 399 1613; x_wconf 90' lang='lat' dir='ltr'><strong>tantum</strong></span> <span class='ocrx_word' id='word_1_95' title='bbox 422 1546 617 1613; x_wconf 90' lang='lat' dir='ltr'><strong>insanabilis</strong></span> <span class='ocrx_word' id='word_1_96' title='bbox 640 1548 837 1638; x_wconf 87' lang='lat' dir='ltr'><strong>impotentia</strong></span> <span class='ocrx_word' id='word_1_97' title='bbox 860 1547 998 1615; x_wconf 88' lang='lat' dir='ltr'><strong>dirimat</strong></span> <span class='ocrx_word' id='word_1_98' title='bbox 1022 1546 1279 1626; x_wconf 85' lang='lat' dir='ltr'><strong>matrimonium,</strong></span> <span class='ocrx_word' id='word_1_99' title='bbox 1297 1568 1324 1611; x_wconf 83' lang='lat' dir='ltr'><strong>sr</strong></span> <span class='ocrx_word' id='word_1_100' title='bbox 1340 1550 1518 1634; x_wconf 87' lang='lat' dir='ltr'><strong>contingat</strong></span> 
     </span>
     <span class='ocr_line' id='line_1_13' title="bbox 267 1633 1517 1725; baseline -0.002 -23"><span class='ocrx_word' id='word_1_101' title='bbox 267 1640 306 1702; x_wconf 91' lang='lat' dir='ltr'><strong>ut</strong></span> <span class='ocrx_word' id='word_1_102' title='bbox 328 1638 547 1724; x_wconf 86' lang='lat' dir='ltr'><strong>pronunciata</strong></span> <span class='ocrx_word' id='word_1_103' title='bbox 570 1658 588 1702; x_wconf 93' lang='lat' dir='ltr'><strong>e</strong></span> <span class='ocrx_word' id='word_1_104' title='bbox 611 1637 721 1725; x_wconf 91' lang='lat' dir='ltr'><strong>capite</strong></span> <span class='ocrx_word' id='word_1_105' title='bbox 744 1635 962 1725; x_wconf 87' lang='lat' dir='ltr'><strong>impotentiae</strong></span> <span class='ocrx_word' id='word_1_106' title='bbox 986 1635 1145 1702; x_wconf 83' lang='lat' dir='ltr'><strong>nullitate</strong></span> <span class='ocrx_word' id='word_1_107' title='bbox 1175 1633 1389 1715; x_wconf 91' lang='lat' dir='ltr'><strong>matrimonii,</strong></span> <span class='ocrx_word' id='word_1_108' title='bbox 1436 1657 1517 1724; x_wconf 90' lang='lat' dir='ltr'><strong>pars</strong></span> 
     </span>
     <span class='ocr_line' id='line_1_14' title="bbox 267 1722 1517 1812; baseline -0.001 -22"><span class='ocrx_word' id='word_1_109' title='bbox 267 1743 350 1811; x_wconf 89' lang='lat' dir='ltr'><strong>quae</strong></span> <span class='ocrx_word' id='word_1_110' title='bbox 374 1723 558 1812; x_wconf 90' lang='lat' dir='ltr'><strong>putabatur</strong></span> <span class='ocrx_word' id='word_1_111' title='bbox 581 1724 748 1812; x_wconf 88' lang='lat' dir='ltr'><strong>impotens</strong></span> <span class='ocrx_word' id='word_1_112' title='bbox 771 1728 890 1812; x_wconf 90' lang='lat' dir='ltr'><strong>potens</strong></span> <span class='ocrx_word' id='word_1_113' title='bbox 914 1722 1046 1804; x_wconf 86' lang='lat' dir='ltr'><strong>evadat,</strong></span> <span class='ocrx_word' id='word_1_114' title='bbox 1064 1725 1164 1810; x_wconf 89' lang='lat' dir='ltr'><strong>prius</strong></span> <span class='ocrx_word' id='word_1_115' title='bbox 1196 1722 1442 1789; x_wconf 87' lang='lat' dir='ltr'><strong>matrimonium</strong></span> <span class='ocrx_word' id='word_1_116' title='bbox 1465 1743 1517 1789; x_wconf 91' lang='lat' dir='ltr'><strong>re·</strong></span> 
     </span>
     <span class='ocr_line' id='line_1_15' title="bbox 267 1809 1518 1899; baseline -0.002 -21"><span class='ocrx_word' id='word_1_117' title='bbox 267 1810 486 1878; x_wconf 79' lang='lat' dir='ltr'><strong>staurandum</strong></span> <span class='ocrx_word' id='word_1_118' title='bbox 509 1816 570 1893; x_wconf 87' lang='lat' dir='ltr'><strong>est,</strong></span> <span class='ocrx_word' id='word_1_119' title='bbox 595 1813 625 1877; x_wconf 87' lang='lat' dir='ltr'><strong>si</strong></span> <span class='ocrx_word' id='word_1_120' title='bbox 647 1813 756 1879; x_wconf 90' lang='lat' dir='ltr'><strong>altera</strong></span> <span class='ocrx_word' id='word_1_121' title='bbox 779 1833 856 1896; x_wconf 91' lang='lat' dir='ltr'><strong>pars</strong></span> <span class='ocrx_word' id='word_1_122' title='bbox 879 1812 921 1878; x_wconf 89' lang='lat' dir='ltr'><strong>ad</strong></span> <span class='ocrx_word' id='word_1_123' title='bbox 945 1811 1012 1877; x_wconf 89' lang='lat' dir='ltr'><strong>alia</strong></span> <span class='ocrx_word' id='word_1_124' title='bbox 1035 1809 1412 1893; x_wconf 89' lang='lat' dir='ltr'><strong>votatransivisset,eo,</strong></span> <span class='ocrx_word' id='word_1_125' title='bbox 1427 1809 1518 1899; x_wconf 89' lang='lat' dir='ltr'><strong>quod</strong></span> 
     </span>
     <span class='ocr_line' id='line_1_16' title="bbox 267 1896 1518 1988; baseline 0 -24"><span class='ocrx_word' id='word_1_126' title='bbox 267 1898 467 1988; x_wconf 86' lang='lat' dir='ltr'><strong>impotentia</strong></span> <span class='ocrx_word' id='word_1_127' title='bbox 489 1898 579 1965; x_wconf 80' lang='lat' dir='ltr'><strong>iacto</strong></span> <span class='ocrx_word' id='word_1_128' title='bbox 604 1899 832 1966; x_wconf 90' lang='lat' dir='ltr'><strong>demonstrata</strong></span> <span class='ocrx_word' id='word_1_129' title='bbox 856 1905 989 1966; x_wconf 89' lang='lat' dir='ltr'><strong>tantum</strong></span> <span class='ocrx_word' id='word_1_130' title='bbox 1011 1896 1213 1988; x_wconf 87' lang='lat' dir='ltr'><strong>temporaria</strong></span> <span class='ocrx_word' id='word_1_131' title='bbox 1246 1897 1360 1966; x_wconf 87' lang='lat' dir='ltr'><strong>fuerit.</strong></span> <span class='ocrx_word' id='word_1_132' title='bbox 1407 1899 1518 1981; x_wconf 75' lang='lat' dir='ltr'><strong>Quam</strong></span> 
     </span>
     <span class='ocr_line' id='line_1_17' title="bbox 268 1984 1520 2076; baseline 0.002 -25"><span class='ocrx_word' id='word_1_133' title='bbox 268 1987 304 2052; x_wconf 90' lang='lat' dir='ltr'><strong>in</strong></span> <span class='ocrx_word' id='word_1_134' title='bbox 326 2008 394 2054; x_wconf 92' lang='lat' dir='ltr'><strong>rem</strong></span> <span class='ocrx_word' id='word_1_135' title='bbox 417 1986 588 2053; x_wconf 91' lang='lat' dir='ltr'><strong>Benedict.</strong></span> <span class='ocrx_word' id='word_1_136' title='bbox 611 1987 707 2054; x_wconf 83' lang='lat' dir='ltr'>XIV.</span> <span class='ocrx_word' id='word_1_137' title='bbox 733 1987 789 2075; x_wconf 85' lang='lat' dir='ltr'><strong>(de</strong></span> <span class='ocrx_word' id='word_1_138' title='bbox 812 1987 896 2076; x_wconf 84' lang='lat' dir='ltr'><strong>Syn.</strong></span> <span class='ocrx_word' id='word_1_139' title='bbox 920 1987 1019 2056; x_wconf 91' lang='lat' dir='ltr'><strong>dioee.</strong></span> <span class='ocrx_word' id='word_1_140' title='bbox 1044 1987 1102 2054; x_wconf 91' lang='lat' dir='ltr'><strong>lib.</strong></span> <span class='ocrx_word' id='word_1_141' title='bbox 1128 1987 1178 2056; x_wconf 86' lang='lat'><strong>13.</strong></span> <span class='ocrx_word' id='word_1_142' title='bbox 1202 1984 1238 2054; x_wconf 84' lang='lat' dir='ltr'><strong>C.</strong></span> <span class='ocrx_word' id='word_1_143' title='bbox 1263 1986 1330 2071; x_wconf 83' lang='lat'>21.)</span> <span class='ocrx_word' id='word_1_144' title='bbox 1367 1986 1444 2056; x_wconf 89' lang='lat' dir='ltr'><strong>Non</strong></span> <span class='ocrx_word' id='word_1_145' title='bbox 1467 1987 1520 2053; x_wconf 91' lang='lat' dir='ltr'><strong>in-</strong></span> 
     </span>
     <span class='ocr_line' id='line_1_18' title="bbox 269 2074 1520 2164; baseline 0.001 -24"><span class='ocrx_word' id='word_1_146' title='bbox 269 2075 419 2141; x_wconf 89' lang='lat' dir='ltr'><strong>ficiamur</strong></span> <span class='ocrx_word' id='word_1_147' title='bbox 440 2074 561 2162; x_wconf 90' lang='lat' dir='ltr'><strong>inquit,</strong></span> <span class='ocrx_word' id='word_1_148' title='bbox 585 2076 696 2142; x_wconf 92' lang='lat' dir='ltr'><strong>soluto</strong></span> <span class='ocrx_word' id='word_1_149' title='bbox 721 2075 931 2142; x_wconf 87' lang='lat' dir='ltr'><strong>matrimonio</strong></span> <span class='ocrx_word' id='word_1_150' title='bbox 955 2097 995 2142; x_wconf 84' lang='lat' dir='ltr'><strong>ex</strong></span> <span class='ocrx_word' id='word_1_151' title='bbox 1018 2077 1127 2164; x_wconf 88' lang='lat' dir='ltr'><strong>capite</strong></span> <span class='ocrx_word' id='word_1_152' title='bbox 1158 2075 1384 2162; x_wconf 88' lang='lat' dir='ltr'><strong>impotentiae,</strong></span> <span class='ocrx_word' id='word_1_153' title='bbox 1431 2095 1520 2163; x_wconf 88' lang='lat' dir='ltr'><strong>quae</strong></span> 
     </span>
     <span class='ocr_line' id='line_1_19' title="bbox 268 2161 1519 2252; baseline 0.002 -25"><span class='ocrx_word' id='word_1_154' title='bbox 268 2161 438 2250; x_wconf 87' lang='lat' dir='ltr'><strong>judicetur</strong></span> <span class='ocrx_word' id='word_1_155' title='bbox 461 2184 533 2230; x_wconf 88' lang='lat' dir='ltr'><strong>esse</strong></span> <span class='ocrx_word' id='word_1_156' title='bbox 555 2171 726 2251; x_wconf 90' lang='lat' dir='ltr'><strong>perpetua,</strong></span> <span class='ocrx_word' id='word_1_157' title='bbox 751 2163 781 2231; x_wconf 93' lang='lat' dir='ltr'><strong>si</strong></span> <span class='ocrx_word' id='word_1_158' title='bbox 804 2163 892 2230; x_wconf 87' lang='lat' dir='ltr'><strong>forte</strong></span> <span class='ocrx_word' id='word_1_159' title='bbox 916 2163 1100 2250; x_wconf 89' lang='lat' dir='ltr'><strong>contingat,</strong></span> <span class='ocrx_word' id='word_1_160' title='bbox 1124 2167 1164 2230; x_wconf 94' lang='lat' dir='ltr'><strong>ut</strong></span> <span class='ocrx_word' id='word_1_161' title='bbox 1186 2166 1264 2252; x_wconf 86' lang='lat' dir='ltr'><strong>post</strong></span> <span class='ocrx_word' id='word_1_162' title='bbox 1308 2184 1412 2230; x_wconf 89' lang='lat' dir='ltr'><strong>novas</strong></span> <span class='ocrx_word' id='word_1_163' title='bbox 1457 2186 1519 2229; x_wconf 93' lang='lat' dir='ltr'><strong>nu·</strong></span> 
     </span>
     <span class='ocr_line' id='line_1_20' title="bbox 269 2247 1522 2340; baseline 0.002 -24"><span class='ocrx_word' id='word_1_164' title='bbox 269 2250 359 2340; x_wconf 89' lang='lat' dir='ltr'><strong>ptias</strong></span> <span class='ocrx_word' id='word_1_165' title='bbox 383 2272 402 2317; x_wconf 91' lang='lat' dir='ltr'><strong>a</strong></span> <span class='ocrx_word' id='word_1_166' title='bbox 426 2272 492 2316; x_wconf 90' lang='lat' dir='ltr'><strong>non</strong></span> <span class='ocrx_word' id='word_1_167' title='bbox 514 2251 674 2340; x_wconf 87' lang='lat' dir='ltr'><strong>impedito</strong></span> <span class='ocrx_word' id='word_1_168' title='bbox 698 2252 838 2339; x_wconf 85' lang='lat' dir='ltr'><strong>conjuge</strong></span> <span class='ocrx_word' id='word_1_169' title='bbox 861 2251 1056 2332; x_wconf 88' lang='lat' dir='ltr'><strong>celebratas,</strong></span> <span class='ocrx_word' id='word_1_170' title='bbox 1081 2251 1202 2340; x_wconf 82' lang='lat' dir='ltr'><strong>conjux</strong></span> <span class='ocrx_word' id='word_1_171' title='bbox 1224 2247 1291 2330; x_wconf 89' lang='lat' dir='ltr'><strong>ille,</strong></span> <span class='ocrx_word' id='word_1_172' title='bbox 1324 2251 1380 2338; x_wconf 89' lang='lat' dir='ltr'><strong>qui</strong></span> <span class='ocrx_word' id='word_1_173' title='bbox 1403 2272 1463 2339; x_wconf 90' lang='lat' dir='ltr'><strong>per</strong></span> <span class='ocrx_word' id='word_1_174' title='bbox 1489 2273 1522 2318; x_wconf 91' lang='lat' dir='ltr'><strong>e·</strong></span> 
     </span>
     <span class='ocr_line' id='line_1_21' title="bbox 270 2273 1487 2427; baseline 0.001 -23"><span class='ocrx_word' id='word_1_175' title='bbox 270 2347 329 2404; x_wconf 90' lang='lat' dir='ltr'><strong>tuo</strong></span> <span class='ocrx_word' id='word_1_176' title='bbox 353 2338 518 2427; x_wconf 88' lang='lat' dir='ltr'><strong>impotens</strong></span> <span class='ocrx_word' id='word_1_177' title='bbox 542 2339 748 2420; x_wconf 83' lang='lat' dir='ltr'><strong>credebatur,</strong></span> <span class='ocrx_word' id='word_1_178' title='bbox 773 2338 954 2407; x_wconf 87' lang='lat' dir='ltr'><strong>subeundis</strong></span> <span class='ocrx_word' id='word_1_179' title='bbox 978 2339 1183 2406; x_wconf 89' lang='lat' dir='ltr'><strong>matrimonii</strong></span> <span class='ocrx_word' id='word_1_180' title='bbox 1206 2337 1362 2405; x_wconf 88' lang='lat' dir='ltr'><strong>oneribus</strong></span> <span class='ocrx_word' id='word_1_181' title='bbox 1398 2273 1487 2405; x_wconf 81' lang='lat' dir='ltr'><strong>redd</strong></span> 
     </span>
     <span class='ocr_line' id='line_1_22' title="bbox 270 2424 1520 2514; baseline 0.002 -22"><span class='ocrx_word' id='word_1_182' title='bbox 270 2431 328 2493; x_wconf 92' lang='lat' dir='ltr'><strong>tur</strong></span> <span class='ocrx_word' id='word_1_183' title='bbox 349 2425 498 2507; x_wconf 90' lang='lat' dir='ltr'><strong>idoneus,</strong></span> <span class='ocrx_word' id='word_1_184' title='bbox 524 2426 642 2494; x_wconf 91' lang='lat' dir='ltr'><strong>debere</strong></span> <span class='ocrx_word' id='word_1_185' title='bbox 665 2428 809 2495; x_wconf 89' lang='lat' dir='ltr'><strong>alterum</strong></span> <span class='ocrx_word' id='word_1_186' title='bbox 831 2428 927 2494; x_wconf 88' lang='lat' dir='ltr'><strong>illum</strong></span> <span class='ocrx_word' id='word_1_187' title='bbox 950 2426 1133 2514; x_wconf 84' lang='lat' dir='ltr'><strong>conjugem,</strong></span> <span class='ocrx_word' id='word_1_188' title='bbox 1158 2424 1302 2494; x_wconf 87' lang='lat' dir='ltr'><strong>secundo</strong></span> <span class='ocrx_word' id='word_1_189' title='bbox 1324 2427 1423 2494; x_wconf 93' lang='lat' dir='ltr'><strong>thoro</strong></span> <span class='ocrx_word' id='word_1_190' title='bbox 1466 2448 1520 2494; x_wconf 89' lang='lat' dir='ltr'><strong>re-</strong></span> 
     </span>
     <span class='ocr_line' id='line_1_23' title="bbox 271 2514 1524 2603; baseline 0 -23"><span class='ocrx_word' id='word_1_191' title='bbox 271 2515 362 2595; x_wconf 90' lang='lat' dir='ltr'><strong>licto,</strong></span> <span class='ocrx_word' id='word_1_192' title='bbox 387 2514 429 2580; x_wconf 93' lang='lat' dir='ltr'><strong>ad</strong></span> <span class='ocrx_word' id='word_1_193' title='bbox 453 2515 549 2603; x_wconf 90' lang='lat' dir='ltr'><strong>primi</strong></span> <span class='ocrx_word' id='word_1_194' title='bbox 573 2515 647 2602; x_wconf 83' lang='lat' dir='ltr'><strong>jura</strong></span> <span class='ocrx_word' id='word_1_195' title='bbox 670 2515 778 2582; x_wconf 88' lang='lat' dir='ltr'><strong>redire</strong></span> <span class='ocrx_word' id='word_1_196' title='bbox 812 2515 909 2602; x_wconf 85' lang='lat' dir='ltr'><strong>juxta</strong></span> <span class='ocrx_word' id='word_1_197' title='bbox 941 2515 1128 2582; x_wconf 88' lang='lat' dir='ltr'><strong>sanctiones</strong></span> <span class='ocrx_word' id='word_1_198' title='bbox 1174 2515 1356 2582; x_wconf 88' lang='lat' dir='ltr'><strong>canonicas.</strong></span> <span class='ocrx_word' id='word_1_199' title='bbox 1402 2514 1524 2582; x_wconf 88' lang='lat' dir='ltr'><strong>Matri·</strong></span> 
     </span>
     <span class='ocr_line' id='line_1_24' title="bbox 271 2601 1523 2693; baseline 0 -23"><span class='ocrx_word' id='word_1_200' title='bbox 271 2601 417 2670; x_wconf 90' lang='lat' dir='ltr'><strong>monium</strong></span> <span class='ocrx_word' id='word_1_201' title='bbox 469 2603 556 2670; x_wconf 91' lang='lat' dir='ltr'><strong>enim</strong></span> <span class='ocrx_word' id='word_1_202' title='bbox 601 2605 643 2670; x_wconf 91' lang='lat' dir='ltr'><strong>ab</strong></span> <span class='ocrx_word' id='word_1_203' title='bbox 688 2606 871 2693; x_wconf 87' lang='lat' dir='ltr'><strong>impotente</strong></span> <span class='ocrx_word' id='word_1_204' title='bbox 916 2603 1138 2693; x_wconf 90' lang='lat' dir='ltr'><strong>impeditoque</strong></span> <span class='ocrx_word' id='word_1_205' title='bbox 1199 2606 1406 2670; x_wconf 90' lang='lat' dir='ltr'><strong>contractum</strong></span> <span class='ocrx_word' id='word_1_206' title='bbox 1452 2625 1523 2670; x_wconf 91' lang='lat' dir='ltr'><strong>non</strong></span> 
     </span>
     <span class='ocr_line' id='line_1_25' title="bbox 272 2690 1524 2780; baseline 0.002 -24"><span class='ocrx_word' id='word_1_207' title='bbox 272 2690 339 2757; x_wconf 92' lang='lat' dir='ltr'><strong>alia</strong></span> <span class='ocrx_word' id='word_1_208' title='bbox 363 2690 402 2757; x_wconf 90' lang='lat' dir='ltr'><strong>de</strong></span> <span class='ocrx_word' id='word_1_209' title='bbox 426 2712 525 2758; x_wconf 88' lang='lat' dir='ltr'><strong>causa</strong></span> <span class='ocrx_word' id='word_1_210' title='bbox 549 2691 728 2773; x_wconf 90' lang='lat' dir='ltr'><strong>dirimitur,</strong></span> <span class='ocrx_word' id='word_1_211' title='bbox 754 2691 818 2758; x_wconf 89' lang='lat' dir='ltr'><strong>nisi</strong></span> <span class='ocrx_word' id='word_1_212' title='bbox 841 2691 972 2759; x_wconf 89' lang='lat' dir='ltr'><strong>ratione</strong></span> <span class='ocrx_word' id='word_1_213' title='bbox 995 2691 1213 2780; x_wconf 89' lang='lat' dir='ltr'><strong>impotentiae</strong></span> <span class='ocrx_word' id='word_1_214' title='bbox 1224 2691 1453 2779; x_wconf 89' lang='lat' dir='ltr'><strong>impedimenti</strong></span> <span class='ocrx_word' id='word_1_215' title='bbox 1478 2713 1524 2758; x_wconf 91' lang='lat' dir='ltr'><strong>uc</strong></span> 
     </span>
    </p>
   </div>
   <div class='ocr_carea' id='block_1_2' title="bbox 272 2713 1528 3132">
    <p class='ocr_par' dir='ltr' id='par_1_2' title="bbox 272 2713 1528 3132">
     <span class='ocr_line' id='line_1_26' title="bbox 272 2713 1525 2868; baseline 0.002 -24"><span class='ocrx_word' id='word_1_216' title='bbox 272 2778 445 2867; x_wconf 73' lang='lat' dir='ltr'><strong>perpetui,</strong></span> <span class='ocrx_word' id='word_1_217' title='bbox 468 2801 544 2844; x_wconf 89' lang='lat' dir='ltr'><strong>nam</strong></span> <span class='ocrx_word' id='word_1_218' title='bbox 569 2781 597 2846; x_wconf 91' lang='lat' dir='ltr'><strong>si</strong></span> <span class='ocrx_word' id='word_1_219' title='bbox 621 2779 701 2846; x_wconf 90' lang='lat' dir='ltr'><strong>haec</strong></span> <span class='ocrx_word' id='word_1_220' title='bbox 724 2785 887 2868; x_wconf 89' lang='lat' dir='ltr'><strong>perpetua</strong></span> <span class='ocrx_word' id='word_1_221' title='bbox 909 2802 977 2846; x_wconf 93' lang='lat' dir='ltr'><strong>non</strong></span> <span class='ocrx_word' id='word_1_222' title='bbox 999 2786 1097 2861; x_wconf 88' lang='lat' dir='ltr'><strong>esset,</strong></span> <span class='ocrx_word' id='word_1_223' title='bbox 1111 2779 1169 2846; x_wconf 91' lang='lat' dir='ltr'><strong>sed</strong></span> <span class='ocrx_word' id='word_1_224' title='bbox 1182 2713 1525 2867; x_wconf 86' lang='lat' dir='ltr'><strong>temporaria,nullus</strong></span> 
     </span>
     <span class='ocr_line' id='line_1_27' title="bbox 274 2865 1525 2956; baseline 0.002 -25"><span class='ocrx_word' id='word_1_225' title='bbox 274 2866 422 2956; x_wconf 83' lang='lat' dir='ltr'><strong>profecto</strong></span> <span class='ocrx_word' id='word_1_226' title='bbox 447 2865 568 2934; x_wconf 89' lang='lat' dir='ltr'><strong>fuisset</strong></span> <span class='ocrx_word' id='word_1_227' title='bbox 590 2872 683 2935; x_wconf 88' lang='lat' dir='ltr'><strong>locus</strong></span> <span class='ocrx_word' id='word_1_228' title='bbox 708 2867 910 2936; x_wconf 88' lang='lat' dir='ltr'><strong>matrimonii</strong></span> <span class='ocrx_word' id='word_1_229' title='bbox 934 2866 1068 2934; x_wconf 91' lang='lat' dir='ltr'><strong>vinculo</strong></span> <span class='ocrx_word' id='word_1_230' title='bbox 1092 2865 1313 2948; x_wconf 91' lang='lat' dir='ltr'><strong>dissolvendo,</strong></span> <span class='ocrx_word' id='word_1_231' title='bbox 1337 2869 1525 2956; x_wconf 91' lang='lat' dir='ltr'><strong>itaqueim·</strong></span> 
     </span>
     <span class='ocr_line' id='line_1_28' title="bbox 298 2953 1528 3044; baseline 0.003 -24"><span class='ocrx_word' id='word_1_232' title='bbox 298 2954 427 3021; x_wconf 82' lang='lat' dir='ltr'><strong>olentia</strong></span> <span class='ocrx_word' id='word_1_233' title='bbox 449 2954 752 3044; x_wconf 84' lang='lat' dir='ltr'><strong>impedimentaque</strong></span> <span class='ocrx_word' id='word_1_234' title='bbox 771 2955 980 3022; x_wconf 88' lang='lat' dir='ltr'><strong>cessantibus</strong></span> <span class='ocrx_word' id='word_1_235' title='bbox 1004 2956 1139 3023; x_wconf 91' lang='lat' dir='ltr'><strong>secundi</strong></span> <span class='ocrx_word' id='word_1_236' title='bbox 1163 2953 1365 3022; x_wconf 89' lang='lat' dir='ltr'><strong>matrimonii</strong></span> <span class='ocrx_word' id='word_1_237' title='bbox 1378 2954 1528 3024; x_wconf 88' lang='lat' dir='ltr'><strong>nnllitas</strong></span> 
     </span>
     <span class='ocr_line' id='line_1_29' title="bbox 273 2978 1030 3132; baseline -0.003 -21"><span class='ocrx_word' id='word_1_238' title='bbox 273 2978 448 3130; x_wconf 79' lang='lat' dir='ltr'><strong>detegitur</strong></span> <span class='ocrx_word' id='word_1_239' title='bbox 472 3049 506 3110; x_wconf 90' lang='lat' dir='ltr'><strong>et</strong></span> <span class='ocrx_word' id='word_1_240' title='bbox 529 3043 628 3132; x_wconf 91' lang='lat' dir='ltr'><strong>primi</strong></span> <span class='ocrx_word' id='word_1_241' title='bbox 651 3043 822 3111; x_wconf 89' lang='lat' dir='ltr'><strong>stabilitas</strong></span> <span class='ocrx_word' id='word_1_242' title='bbox 845 3042 1030 3110; x_wconf 89' lang='lat' dir='ltr'><strong>reviviscit.</strong></span> 
     </span>
    </p>
   </div>
   <div class='ocr_carea' id='block_1_3' title="bbox 516 3220 1274 3324">
    <p class='ocr_par' dir='ltr' id='par_1_3' title="bbox 516 3220 1274 3324">
     <span class='ocr_line' id='line_1_30' title="bbox 516 3220 1274 3324; baseline -0.008 -21"><span class='ocrx_word' id='word_1_243' title='bbox 516 3227 551 3319; x_wconf 68' lang='lat'><strong>§-</strong></span> <span class='ocrx_word' id='word_1_244' title='bbox 599 3223 665 3305; x_wconf 82' lang='lat'><strong>97.</strong></span> <span class='ocrx_word' id='word_1_245' title='bbox 706 3221 1065 3324; x_wconf 88' lang='lat' dir='ltr'><strong>Impedimentum</strong></span> <span class='ocrx_word' id='word_1_246' title='bbox 1105 3220 1274 3303; x_wconf 86' lang='lat' dir='ltr'><strong>aetatis.</strong></span> 
     </span>
    </p>
   </div>
   <div class='ocr_carea' id='block_1_4' title="bbox 273 3365 1534 4492">
    <p class='ocr_par' dir='ltr' id='par_1_4' title="bbox 273 3365 1534 4492">
     <span class='ocr_line' id='line_1_31' title="bbox 379 3365 1527 3457; baseline -0.002 -23"><span class='ocrx_word' id='word_1_247' title='bbox 379 3367 434 3434; x_wconf 88' lang='lat' dir='ltr'><strong>Ad</strong></span> <span class='ocrx_word' id='word_1_248' title='bbox 488 3369 733 3450; x_wconf 87' lang='lat' dir='ltr'><strong>matrimonium</strong></span> <span class='ocrx_word' id='word_1_249' title='bbox 788 3369 970 3457; x_wconf 88' lang='lat' dir='ltr'><strong>requiritur</strong></span> <span class='ocrx_word' id='word_1_250' title='bbox 1026 3366 1208 3455; x_wconf 88' lang='lat' dir='ltr'><strong>corporalis</strong></span> <span class='ocrx_word' id='word_1_251' title='bbox 1266 3369 1300 3432; x_wconf 90' lang='lat' dir='ltr'><strong>et</strong></span> <span class='ocrx_word' id='word_1_252' title='bbox 1361 3365 1527 3454; x_wconf 90' lang='lat' dir='ltr'><strong>spiritua·</strong></span> 
     </span>
     <span class='ocr_line' id='line_1_32' title="bbox 273 3454 1528 3545; baseline -0.002 -23"><span class='ocrx_word' id='word_1_253' title='bbox 273 3455 317 3522; x_wconf 90' lang='lat' dir='ltr'><strong>lis</strong></span> <span class='ocrx_word' id='word_1_254' title='bbox 358 3456 544 3537; x_wconf 88' lang='lat' dir='ltr'><strong>maturitas,</strong></span> <span class='ocrx_word' id='word_1_255' title='bbox 590 3479 674 3545; x_wconf 91' lang='lat' dir='ltr'><strong>quae</strong></span> <span class='ocrx_word' id='word_1_256' title='bbox 719 3457 755 3523; x_wconf 94' lang='lat' dir='ltr'><strong>in</strong></span> <span class='ocrx_word' id='word_1_257' title='bbox 800 3463 891 3522; x_wconf 90' lang='lat' dir='ltr'><strong>certa</strong></span> <span class='ocrx_word' id='word_1_258' title='bbox 915 3455 1021 3522; x_wconf 90' lang='lat' dir='ltr'><strong>solum</strong></span> <span class='ocrx_word' id='word_1_259' title='bbox 1045 3461 1157 3521; x_wconf 91' lang='lat' dir='ltr'><strong>aetate</strong></span> <span class='ocrx_word' id='word_1_260' title='bbox 1184 3454 1393 3543; x_wconf 86' lang='lat' dir='ltr'><strong>supponitur,</strong></span> <span class='ocrx_word' id='word_1_261' title='bbox 1419 3475 1528 3540; x_wconf 89' lang='lat' dir='ltr'><strong>quam</strong></span> 
     </span>
     <span class='ocr_line' id='line_1_33' title="bbox 278 3525 1532 3632; baseline -0.001 -22"><span class='ocrx_word' id='word_1_262' title='bbox 278 3525 436 3610; x_wconf 84' lang='lat' dir='ltr'><strong>Ecclesia</strong></span> <span class='ocrx_word' id='word_1_263' title='bbox 461 3543 681 3629; x_wconf 86' lang='lat' dir='ltr'><strong>determinat;</strong></span> <span class='ocrx_word' id='word_1_264' title='bbox 705 3545 762 3632; x_wconf 91' lang='lat' dir='ltr'><strong>qui</strong></span> <span class='ocrx_word' id='word_1_265' title='bbox 785 3546 890 3632; x_wconf 87' lang='lat' dir='ltr'><strong>igitur</strong></span> <span class='ocrx_word' id='word_1_266' title='bbox 913 3544 1000 3610; x_wconf 88' lang='lat' dir='ltr'><strong>infra</strong></span> <span class='ocrx_word' id='word_1_267' title='bbox 1024 3543 1165 3610; x_wconf 89' lang='lat' dir='ltr'><strong>defixam</strong></span> <span class='ocrx_word' id='word_1_268' title='bbox 1188 3548 1332 3609; x_wconf 89' lang='lat' dir='ltr'><strong>aetatem</strong></span> <span class='ocrx_word' id='word_1_269' title='bbox 1356 3543 1532 3609; x_wconf 89' lang='lat' dir='ltr'><strong>matrimo-</strong></span> 
     </span>
     <span class='ocr_line' id='line_1_34' title="bbox 275 3629 1532 3722; baseline 0.002 -26"><span class='ocrx_word' id='word_1_270' title='bbox 275 3631 369 3697; x_wconf 92' lang='lat' dir='ltr'><strong>nium</strong></span> <span class='ocrx_word' id='word_1_271' title='bbox 399 3635 525 3713; x_wconf 89' lang='lat' dir='ltr'><strong>ineunt,</strong></span> <span class='ocrx_word' id='word_1_272' title='bbox 549 3633 785 3722; x_wconf 91' lang='lat' dir='ltr'><strong>impedimento</strong></span> <span class='ocrx_word' id='word_1_273' title='bbox 809 3632 932 3699; x_wconf 89' lang='lat' dir='ltr'><strong>aetatis</strong></span> <span class='ocrx_word' id='word_1_274' title='bbox 954 3633 1119 3711; x_wconf 89' lang='lat' dir='ltr'><strong>laborant,</strong></span> <span class='ocrx_word' id='word_1_275' title='bbox 1144 3652 1322 3718; x_wconf 89' lang='lat' dir='ltr'><strong>eorumque</strong></span> <span class='ocrx_word' id='word_1_276' title='bbox 1354 3629 1532 3698; x_wconf 90' lang='lat' dir='ltr'><strong>matrimo-</strong></span> 
     </span>
     <span class='ocr_line' id='line_1_35' title="bbox 275 3719 1531 3808; baseline 0.001 -24"><span class='ocrx_word' id='word_1_277' title='bbox 275 3721 366 3787; x_wconf 88' lang='lat' dir='ltr'><strong>nium</strong></span> <span class='ocrx_word' id='word_1_278' title='bbox 390 3719 524 3786; x_wconf 90' lang='lat' dir='ltr'><strong>irritum</strong></span> <span class='ocrx_word' id='word_1_279' title='bbox 549 3727 608 3787; x_wconf 89' lang='lat' dir='ltr'><strong>est.</strong></span> <span class='ocrx_word' id='word_1_280' title='bbox 630 3723 737 3787; x_wconf 87' lang='lat' dir='ltr'><strong>Aetas</strong></span> <span class='ocrx_word' id='word_1_281' title='bbox 761 3721 841 3787; x_wconf 90' lang='lat' dir='ltr'><strong>haec</strong></span> <span class='ocrx_word' id='word_1_282' title='bbox 867 3721 916 3786; x_wconf 88' lang='lat'><strong>14.</strong></span> <span class='ocrx_word' id='word_1_283' title='bbox 941 3742 1000 3808; x_wconf 94' lang='lat' dir='ltr'><strong>pro</strong></span> <span class='ocrx_word' id='word_1_284' title='bbox 1025 3719 1180 3800; x_wconf 87' lang='lat' dir='ltr'><strong>masculo,</strong></span> <span class='ocrx_word' id='word_1_285' title='bbox 1205 3725 1239 3784; x_wconf 90' lang='lat' dir='ltr'><strong>et</strong></span> <span class='ocrx_word' id='word_1_286' title='bbox 1264 3719 1314 3786; x_wconf 89' lang='grc'><strong>12.</strong></span> <span class='ocrx_word' id='word_1_287' title='bbox 1361 3739 1531 3785; x_wconf 90' lang='lat' dir='ltr'><strong>annorum</strong></span> 
     </span>
     <span class='ocr_line' id='line_1_36' title="bbox 276 3807 1533 3897; baseline -0.002 -23"><span class='ocrx_word' id='word_1_288' title='bbox 276 3813 470 3876; x_wconf 85' lang='lat' dir='ltr'><strong>exactorum</strong></span> <span class='ocrx_word' id='word_1_289' title='bbox 492 3829 551 3897; x_wconf 90' lang='lat' dir='ltr'><strong>pro</strong></span> <span class='ocrx_word' id='word_1_290' title='bbox 575 3830 657 3874; x_wconf 87' lang='lat' dir='ltr'><strong>sexu</strong></span> <span class='ocrx_word' id='word_1_291' title='bbox 681 3808 832 3875; x_wconf 89' lang='lat' dir='ltr'><strong>muliebri</strong></span> <span class='ocrx_word' id='word_1_292' title='bbox 857 3808 964 3875; x_wconf 88' lang='lat' dir='ltr'><strong>defixa</strong></span> <span class='ocrx_word' id='word_1_293' title='bbox 988 3815 1049 3889; x_wconf 80' lang='lat' dir='ltr'><strong>est,</strong></span> <span class='ocrx_word' id='word_1_294' title='bbox 1074 3807 1138 3873; x_wconf 89' lang='lat' dir='ltr'><strong>nisi</strong></span> <span class='ocrx_word' id='word_1_295' title='bbox 1162 3807 1291 3873; x_wconf 88' lang='lat' dir='ltr'><strong>malitia</strong></span> <span class='ocrx_word' id='word_1_296' title='bbox 1328 3810 1533 3896; x_wconf 87' lang='lat' dir='ltr'><strong>praevertat</strong></span> 
     </span>
     <span class='ocr_line' id='line_1_37' title="bbox 275 3893 1533 3985; baseline 0 -24"><span class='ocrx_word' id='word_1_297' title='bbox 275 3901 431 3976; x_wconf 90' lang='lat' dir='ltr'><strong>aetatem,</strong></span> <span class='ocrx_word' id='word_1_298' title='bbox 455 3901 494 3962; x_wconf 87' lang='lat' dir='ltr'><strong>ut</strong></span> <span class='ocrx_word' id='word_1_299' title='bbox 517 3897 717 3964; x_wconf 84' lang='lat' dir='ltr'><strong>Canonistae</strong></span> <span class='ocrx_word' id='word_1_300' title='bbox 740 3896 939 3984; x_wconf 86' lang='lat' dir='ltr'><strong>exprimunt,</strong></span> <span class='ocrx_word' id='word_1_301' title='bbox 964 3919 1023 3962; x_wconf 92' lang='lat' dir='ltr'><strong>seu</strong></span> <span class='ocrx_word' id='word_1_302' title='bbox 1045 3895 1305 3985; x_wconf 89' lang='lat' dir='ltr'><strong>praematuritas</strong></span> <span class='ocrx_word' id='word_1_303' title='bbox 1340 3901 1421 3960; x_wconf 91' lang='lat' dir='ltr'><strong>ante</strong></span> <span class='ocrx_word' id='word_1_304' title='bbox 1446 3893 1533 3961; x_wconf 89' lang='lat' dir='ltr'><strong>defi·</strong></span> 
     </span>
     <span class='ocr_line' id='line_1_38' title="bbox 275 3980 1532 4072; baseline -0.001 -22"><span class='ocrx_word' id='word_1_305' title='bbox 275 4006 349 4050; x_wconf 87' lang='lat' dir='ltr'><strong>xam</strong></span> <span class='ocrx_word' id='word_1_306' title='bbox 373 3990 517 4051; x_wconf 87' lang='lat' dir='ltr'><strong>aetatem</strong></span> <span class='ocrx_word' id='word_1_307' title='bbox 541 4006 649 4051; x_wconf 90' lang='lat' dir='ltr'><strong>coram</strong></span> <span class='ocrx_word' id='word_1_308' title='bbox 673 3985 837 4072; x_wconf 84' lang='lat' dir='ltr'><strong>Episcopo</strong></span> <span class='ocrx_word' id='word_1_309' title='bbox 861 3985 1053 4051; x_wconf 88' lang='lat' dir='ltr'><strong>dioecesano</strong></span> <span class='ocrx_word' id='word_1_310' title='bbox 1077 3985 1246 4071; x_wconf 88' lang='lat' dir='ltr'><strong>probetur,</strong></span> <span class='ocrx_word' id='word_1_311' title='bbox 1281 3982 1338 4071; x_wconf 91' lang='lat' dir='ltr'><strong>qui</strong></span> <span class='ocrx_word' id='word_1_312' title='bbox 1362 3982 1396 4047; x_wconf 90' lang='lat' dir='ltr'><strong>in</strong></span> <span class='ocrx_word' id='word_1_313' title='bbox 1421 3980 1532 4050; x_wconf 87' lang='lat' dir='ltr'><strong>dubio</strong></span> 
     </span>
     <span class='ocr_line' id='line_1_39' title="bbox 277 4068 1534 4162; baseline 0 -24"><span class='ocrx_word' id='word_1_314' title='bbox 277 4094 346 4138; x_wconf 92' lang='lat' dir='ltr'><strong>rem</strong></span> <span class='ocrx_word' id='word_1_315' title='bbox 370 4072 413 4138; x_wconf 93' lang='lat' dir='ltr'><strong>ad</strong></span> <span class='ocrx_word' id='word_1_316' title='bbox 436 4071 553 4139; x_wconf 84' lang='lat' dir='ltr'><strong>Sedem</strong></span> <span class='ocrx_word' id='word_1_317' title='bbox 578 4073 807 4162; x_wconf 87' lang='lat' dir='ltr'><strong>Apostolicam</strong></span> <span class='ocrx_word' id='word_1_318' title='bbox 830 4095 890 4160; x_wconf 88' lang='lat' dir='ltr'><strong>pro</strong></span> <span class='ocrx_word' id='word_1_319' title='bbox 914 4075 1081 4138; x_wconf 90' lang='lat' dir='ltr'><strong>sententia</strong></span> <span class='ocrx_word' id='word_1_320' title='bbox 1104 4071 1326 4138; x_wconf 89' lang='lat' dir='ltr'><strong>declaratoria</strong></span> <span class='ocrx_word' id='word_1_321' title='bbox 1371 4068 1534 4156; x_wconf 83' lang='lat' dir='ltr'><strong>perferre</strong></span> 
     </span>
     <span class='ocr_line' id='line_1_40' title="bbox 276 4156 1534 4249; baseline 0 -23"><span class='ocrx_word' id='word_1_322' title='bbox 276 4160 383 4227; x_wconf 90' lang='lat' dir='ltr'><strong>debet.</strong></span> <span class='ocrx_word' id='word_1_323' title='bbox 408 4159 610 4244; x_wconf 79' lang='lat' dir='ltr'><strong>Quoadhoc</strong></span> <span class='ocrx_word' id='word_1_324' title='bbox 634 4161 904 4249; x_wconf 86' lang='lat' dir='ltr'><strong>impedimentum</strong></span> <span class='ocrx_word' id='word_1_325' title='bbox 929 4160 1085 4246; x_wconf 84' lang='lat' dir='ltr'><strong>Synodus</strong></span> <span class='ocrx_word' id='word_1_326' title='bbox 1129 4158 1347 4246; x_wconf 91' lang='lat' dir='ltr'><strong>provincialis</strong></span> <span class='ocrx_word' id='word_1_327' title='bbox 1379 4156 1534 4226; x_wconf 78' lang='lat' dir='ltr'><strong>Graeco·</strong></span> 
     </span>
     <span class='ocr_line' id='line_1_41' title="bbox 276 4245 1531 4331; baseline -0.002 -16"><span class='ocrx_word' id='word_1_328' title='bbox 276 4247 522 4331; x_wconf 87' lang='lat' dir='ltr'><strong>aatholicorum,</strong></span> <span class='ocrx_word' id='word_1_329' title='bbox 546 4249 787 4330; x_wconf 85' lang='lat' dir='ltr'><strong>Ruthenorum,</strong></span> <span class='ocrx_word' id='word_1_330' title='bbox 812 4249 1000 4315; x_wconf 89' lang='lat' dir='ltr'><strong>Zamosciae</strong></span> <span class='ocrx_word' id='word_1_331' title='bbox 1024 4271 1076 4313; x_wconf 92' lang='lat' dir='ltr'><strong>an.</strong></span> <span class='ocrx_word' id='word_1_332' title='bbox 1102 4247 1197 4314; x_wconf 88' lang='grc'>1720.</span> <span class='ocrx_word' id='word_1_333' title='bbox 1236 4246 1288 4328; x_wconf 86' lang='lat' dir='ltr'><strong>,Si</strong></span> <span class='ocrx_word' id='word_1_334' title='bbox 1334 4245 1409 4331; x_wconf 88' lang='lat' dir='ltr'><strong>quis</strong></span> <span class='ocrx_word' id='word_1_335' title='bbox 1456 4259 1531 4312; x_wconf 88' lang='lat' dir='ltr'><strong>non</strong></span> 
     </span>
     <span class='ocr_line' id='line_1_42' title="bbox 277 4332 1532 4423; baseline -0.002 -22"><span class='ocrx_word' id='word_1_336' title='bbox 277 4335 431 4404; x_wconf 87' lang='lat' dir='ltr'><strong>habuerit</strong></span> <span class='ocrx_word' id='word_1_337' title='bbox 453 4344 597 4405; x_wconf 91' lang='lat' dir='ltr'><strong>aetatem</strong></span> <span class='ocrx_word' id='word_1_338' title='bbox 621 4338 815 4423; x_wconf 86' lang='lat' dir='ltr'><strong>legitimam,</strong></span> <span class='ocrx_word' id='word_1_339' title='bbox 841 4338 893 4402; x_wconf 89' lang='lat' dir='ltr'><strong>vir</strong></span> <span class='ocrx_word' id='word_1_340' title='bbox 916 4337 1045 4404; x_wconf 88' lang='lat' dir='ltr'><strong>scilicet</strong></span> <span class='ocrx_word' id='word_1_341' title='bbox 1070 4336 1121 4401; x_wconf 82' lang='lat'><strong>14.</strong></span> <span class='ocrx_word' id='word_1_342' title='bbox 1146 4357 1270 4402; x_wconf 89' lang='lat' dir='ltr'><strong>annum</strong></span> <span class='ocrx_word' id='word_1_343' title='bbox 1311 4332 1532 4420; x_wconf 90' lang='lat' dir='ltr'><strong>completum,</strong></span> 
     </span>
     <span class='ocr_line' id='line_1_43' title="bbox 277 4419 1534 4492; baseline -0.001 -1"><span class='ocrx_word' id='word_1_344' title='bbox 277 4423 400 4491; x_wconf 83' lang='lat' dir='ltr'><strong>femina</strong></span> <span class='ocrx_word' id='word_1_345' title='bbox 423 4446 501 4492; x_wconf 90' lang='lat' dir='ltr'><strong>vero</strong></span> <span class='ocrx_word' id='word_1_346' title='bbox 526 4427 576 4492; x_wconf 91' lang='grc'><strong>12.</strong></span> <span class='ocrx_word' id='word_1_347' title='bbox 600 4427 792 4492; x_wconf 90' lang='lat' dir='ltr'><strong>nullatenus</strong></span> <span class='ocrx_word' id='word_1_348' title='bbox 815 4424 1017 4491; x_wconf 88' lang='lat' dir='ltr'><strong>admittatur</strong></span> <span class='ocrx_word' id='word_1_349' title='bbox 1042 4424 1083 4489; x_wconf 91' lang='lat' dir='ltr'><strong>ad</strong></span> <span class='ocrx_word' id='word_1_350' title='bbox 1107 4421 1398 4490; x_wconf 81' lang='lat' dir='ltr'><strong>contrahendum‘</strong></span> <span class='ocrx_word' id='word_1_351' title='bbox 1426 4419 1534 4490; x_wconf 86' lang='lat' dir='ltr'><strong>Idem</strong></span> 
     </span>
    </p>
   </div>
   <div class='ocr_carea' id='block_1_5' title="bbox 279 4659 1534 4798">
    <p class='ocr_par' dir='ltr' id='par_1_5' title="bbox 279 4659 1534 4798">
     <span class='ocr_line' id='line_1_44' title="bbox 355 4659 1534 4738; baseline -0.006 -15"><span class='ocrx_word' id='word_1_352' title='bbox 355 4668 373 4738; x_wconf 83' lang='lat'><strong>¹)</strong></span> <span class='ocrx_word' id='word_1_353' title='bbox 391 4668 564 4723; x_wconf 84' lang='lat' dir='ltr'><strong>lastinianus</strong></span> <span class='ocrx_word' id='word_1_354' title='bbox 585 4669 736 4738; x_wconf 87' lang='lat' dir='ltr'><strong>Imperator</strong></span> <span class='ocrx_word' id='word_1_355' title='bbox 755 4669 895 4722; x_wconf 86' lang='lat' dir='ltr'><strong>biennium</strong></span> <span class='ocrx_word' id='word_1_356' title='bbox 916 4666 1093 4736; x_wconf 83' lang='lat' dir='ltr'><strong>praescripsit</strong></span> <span class='ocrx_word' id='word_1_357' title='bbox 1113 4664 1140 4719; x_wconf 86' lang='lat' dir='ltr'><strong>L.</strong></span> <span class='ocrx_word' id='word_1_358' title='bbox 1161 4663 1189 4717; x_wconf 93' lang='lat' dir='ltr'><strong>in</strong></span> <span class='ocrx_word' id='word_1_359' title='bbox 1214 4662 1307 4716; x_wconf 89' lang='lat' dir='ltr'><strong>causis</strong></span> <span class='ocrx_word' id='word_1_360' title='bbox 1333 4659 1360 4715; x_wconf 86' lang='lat' dir='ltr'><strong>C.</strong></span> <span class='ocrx_word' id='word_1_361' title='bbox 1381 4661 1415 4714; x_wconf 88' lang='lat' dir='ltr'><strong>de</strong></span> <span class='ocrx_word' id='word_1_362' title='bbox 1434 4659 1534 4731; x_wconf 83' lang='lat' dir='ltr'><strong>Repo-</strong></span> 
     </span>
     <span class='ocr_line' id='line_1_45' title="bbox 279 4738 686 4798; baseline -0.007 -3"><span class='ocrx_word' id='word_1_363' title='bbox 279 4740 340 4796; x_wconf 82' lang='lat' dir='ltr'><strong>diia</strong></span> <span class='ocrx_word' id='word_1_364' title='bbox 361 4740 429 4798; x_wconf 87' lang='lat' dir='ltr'><strong>Vide</strong></span> <span class='ocrx_word' id='word_1_365' title='bbox 448 4741 559 4796; x_wconf 90' lang='lat' dir='ltr'><strong>Pravila</strong></span> <span class='ocrx_word' id='word_1_366' title='bbox 579 4738 606 4794; x_wconf 87' lang='lat' dir='ltr'><strong>C.</strong></span> <span class='ocrx_word' id='word_1_367' title='bbox 626 4740 686 4793; x_wconf 84' lang='lat'><strong>217.</strong></span> 
     </span>
    </p>
   </div>
   <div class='ocr_carea' id='block_1_6' title="bbox 0 0 1736 5358">
    <p class='ocr_par' dir='ltr' id='par_1_6' title="bbox 0 0 1736 5358">
     <span class='ocr_line' id='line_1_46' title="bbox 0 0 1736 5358; baseline 0 0"><span class='ocrx_word' id='word_1_368' title='bbox 0 0 1736 5358; x_wconf 95' lang='lat' dir='ltr'><strong> </strong></span> 
     </span>
    </p>
   </div>
  </div>
 </body>
</html>
