3420 5358
894 320 958 390 256

820 419 1024 428 -α--η--υ-

301 543 484 610 recensitos
507 542 672 608 contracti
696 543 797 608 etiam
820 543 928 630 quoad
948 543 1087 610 effectus
1110 543 1227 610 civiles
1251 541 1419 622 enunciat,
1444 545 1543 629 atque

301 630 412 719 proles
437 652 478 696 ex
500 629 561 696 tali
597 628 806 696 matrimonio
838 629 971 715 genitas
1005 633 1064 698 nec
1086 653 1146 718 pro
1169 630 1381 696 naturalibus
1404 628 1544 713 quidem,

302 718 416 806 quales
438 724 518 783 sunt
541 739 581 782 ax
604 717 824 784 concubinatu
846 717 990 804 genitae,
1029 717 1136 784 relate
1170 716 1212 784 ad
1247 716 1488 784 successionem
1509 716 1544 782 in

250 853 252 860 ι
303 805 379 873 boni
427 811 589 884 arentum,
614 804 729 870 haberi
752 805 908 885 decernit,
948 807 988 870 ab
1020 806 1173 893 omnique
1197 805 1385 872 hereditate
1408 804 1546 893 proscri-

257 907 260 915 '
304 894 364 960 bit.
388 829 532 960 lfovella
555 899 666 958 autem
704 892 826 959 Leonis
850 893 1018 981 Sapientis
1053 893 1197 981 priorem
1235 895 1340 980 legem
1383 893 1547 958 cessantis

303 981 422 1048 saltem
445 981 549 1046 sacris
572 979 771 1060 (lenonibus,
794 984 851 1068 qui
874 981 958 1046 talia
980 983 1191 1048 matrimonia
1213 991 1290 1070 post
1325 979 1469 1047 Ordines
1503 982 1547 1046 in·

302 1069 430 1136 dicatos
454 1075 634 1148 contracta,
657 1067 856 1150 incestuosa,
880 1068 1077 1150 adulterina,
1113 1069 1250 1150 nefaria,
1275 1091 1314 1136 ac
1335 1067 1478 1156 proinde
1501 1067 1546 1133 iu·

303 1156 416 1222 valida
439 1163 473 1222 et
515 1154 728 1222 dissolvenda
760 1157 992 1244 pronunciant,
1029 1156 1188 1243 derogare
1218 1179 1284 1222 non
1309 1162 1445 1242 potest3
1490 1175 1547 1221 nec

303 1251 444 1332 possunt
467 1242 670 1310 convalidari
695 1266 754 1331 per
784 1245 892 1331 legem
938 1244 1069 1311 civilem
1116 1244 1327 1311 matrimonia
1350 1265 1410 1332 per
1434 1265 1543 1310 sacros

304 1333 453 1402 Oenones
476 1337 668 1397 constanter
691 1331 887 1420 prohibita1)
910 1339 1010 1420 prout
1034 1331 1112 1400 Can.
1138 1331 1195 1399 SS.
1229 1333 1472 1420 Apostolorum
1496 1330 1545 1397 26.

304 1419 486 1486 Trullanus
510 1418 540 1484 3.
565 1419 606 1498 6.,
629 1429 804 1507 postquam
822 1420 940 1488 Patres
957 1421 1111 1486 Trullani
1126 1421 1259 1488 Oenone
1276 1419 1407 1488 XXVI.
1434 1427 1546 1507 aperte

304 1508 543 1574 enunciarunt:
572 1507 803 1586 ,Manifestum
828 1530 908 1584 esse,
922 1509 1010 1596 quod
1034 1509 1196 1574 nefarium
1213 1507 1426 1596 conjugium3
1453 1507 1546 1595 quale

301 1595 400 1684 juxta
421 1595 587 1661 (lenonem
609 1593 674 1660 Ill.
707 1595 855 1684 ejusdem
886 1595 1026 1663 Concilii
1057 1619 1157 1684 supra
1185 1600 1334 1677 citatum,
1370 1603 1425 1662 est
1448 1593 1545 1662 etiam

305 1681 551 1750 matrimonium
573 1687 650 1772 post
673 1682 814 1749 Ordines
837 1683 977 1770 majores
1001 1690 1217 1767 contractum,
1255 1683 1395 1750 dissolvi
1418 1683 1544 1761 debeat,

305 1792 365 1838 nec
387 1773 448 1852 vir,
472 1769 561 1836 idest
582 1769 740 1850 Clericus,
757 1791 839 1844 ,eum
862 1793 900 1837 ea
924 1772 991 1837 ullo
1015 1773 1110 1839 modo
1143 1772 1415 1839 consuetudinem
1439 1771 1545 1857 (mari

305 1859 422 1942 talem)
446 1858 567 1924 habere
590 1859 706 1944 possit,
731 1860 771 1925 ob
817 1881 893 1925 uam
931 1881 1025 1926 sacra
1061 1865 1251 1948 operatione
1283 1861 1439 1947 privatus
1464 1863 1541 1925 est‘

308 1946 440 2029 Quibus
460 1945 573 2012 Canon
596 1945 624 2012 Ι.
648 1945 774 2033 Synodi
832 1947 1097 2028 eocaesariensie,
1122 1948 1216 2035 eujus
1240 1956 1337 2014 tenor
1359 1953 1436 2016 est:
1475 1945 1545 2028 ,Sa-

308 2034 423 2101 cerdos
438 2034 468 2100 si
491 2033 624 2100 duxerit
636 2055 771 2100 uxorem
783 2034 968 2122 deponatur
980 2041 1121 2116 tantum,
1136 2035 1193 2102 sed
1206 2058 1270 2101 non
1284 2035 1384 2105 simul
1410 2035 1452 2102 ob
1475 2035 1545 2112 hoc,

306 2123 428 2188 honore
451 2119 606 2188 Clericali
629 2128 799 2208 exuatur‚‘
826 2131 921 2188 extra
944 2127 1091 2210 vigorem
1115 2125 1254 2210 positus.
1290 2123 1362 2190 Lex
1384 2123 1473 2190 enim
1494 2145 1547 2212 po·

190 2255 196 2264 ·
306 2210 428 2276 sterior
452 2209 592 2296 derogat
614 2209 727 2293 priori,
748 2221 849 2298 atque
870 2213 1049 2298 posteriori
1094 2212 1279 2279 Canonicae
1302 2211 1470 2279 sanctioni
1493 2209 1545 2276 ad·

306 2298 425 2364 ductae
448 2297 587 2365 Ooncilii
611 2297 773 2378 Trullani,
797 2321 857 2366 nec
879 2321 938 2386 per
983 2300 1080 2366 subse
1105 2303 1243 2366 uentem'
1261 2298 1542 2366 constitutionem

305 2386 428 2453 Leonis
451 2385 619 2472 Sapientis
643 2385 796 2472 derogari
836 2388 957 2474 potuit,
982 2410 1055 2453 cum
1079 2322 1287 2475 imperantes
1333 2388 1450 2454 civiles
1471 2389 1543 2474 jure

307 2473 537 2541 destituantur
559 2473 710 2540 Oenones
734 2474 903 2540 Ecclesiae
926 2475 1087 2555 mutandi,
1101 2498 1205 2564 neque
1218 2477 1272 2541 lex
1295 2476 1406 2543 civilis
1430 2481 1545 2542 eontra

307 2563 458 2630 Oenones
481 2560 593 2627 valere
605 2563 721 2649 possit,
739 2561 815 2628 dum
834 2563 874 2628 de
891 2563 1067 2650 disciplina
1083 2563 1418 2648 Clericorumagitur.
1450 2563 1545 2630 Unde

306 2655 411 2740 patet,
434 2649 622 2717 Oanonibus
646 2653 809 2718 conforme
833 2673 913 2731 esse,
937 2651 1023 2739 quod
1047 2652 1258 2717 matrimonia
1281 2652 1364 2718 talia
1387 2655 1421 2718 in
1444 2651 1544 2719 Vala-

308 2739 391 2818 chia,
415 2760 454 2803 ac
475 2737 689 2804 Dioecesibus
712 2737 1097 2806 Graeco-Catholicorum
1118 2739 1313 2825 Hungariae
1327 2745 1361 2806 et
1384 2739 1544 2818 Galiciae,

308 2827 448 2912 aliisque
472 2846 535 2889 non
559 2826 753 2906 tolerentur,
771 2849 830 2891 nec
853 2827 953 2892 talem
967 2825 1208 2914 indisciplinam
1233 2827 1402 2894 introduci
1426 2828 1544 2896 admit·

308 2922 412 2993 tatur,
437 2910 535 2999 idque
558 2913 771 2978 conformiter
794 2915 995 2980 convictioni
1017 2914 1125 3002 ipsius,
1147 2914 1317 2981 Ecclesiae
1340 2915 1545 2999 Orientalis;

306 3003 403 3089 juxta
426 3000 577 3067 Codicem
623 3003 708 3067 enim
735 3000 905 3080 ,Pravila‘
933 3002 1124 3086 (Commune
1169 3004 1393 3070 Direetorium
1417 3002 1546 3090 Legis)

309 3089 428 3168 Glava,
453 3109 511 3154 seu
534 3087 650 3176 Capite
676 3089 747 3170 124.
771 3095 894 3177 puncto
925 3091 1015 3156 aco:
1049 3091 1225 3157 haereticis
1248 3102 1466 3158 accensentur
1488 3090 1547 3169 illi,

309 3179 366 3266 qui
391 3176 531 3242 credunt
554 3177 785 3264 Presbyteros,
810 3186 843 3244 et
864 3178 1029 3244 Diaconos
1052 3201 1147 3265 posse
1171 3179 1296 3246 alteras
1330 3179 1451 3248 ducere
1474 3201 1548 3246 uxo-

309 3288 363 3331 res
386 3263 487 3350 (Vide
510 3285 585 3350 pag.
610 3265 710 3352 hujus
734 3264 853 3352 Operis
875 3267 928 3331 45.
953 3267 988 3334 O.
1014 3267 1101 3351 124.)

404 3352 475 3418 Imo
499 3351 654 3439 Synodus
677 3354 777 3418 etiam
822 3354 1052 3420 Ruthencrum
1084 3355 1310 3421 Zamoscensis
1343 3378 1430 3421 anno
1456 3353 1548 3420 1720.

309 3439 434 3506 diserte
457 3441 599 3506 statuit:
629 3440 681 3520 ,Si
705 3443 777 3528 quis
800 3441 984 3530 Presbyter
1007 3453 1083 3529 post
1112 3443 1252 3508 collatos
1275 3443 1417 3508 Ordines
1442 3445 1550 3508 metri·

310 3529 419 3593 monio
445 3528 545 3613 jungi,
570 3537 629 3594 aut
653 3529 757 3614 prima
782 3552 883 3596 uxore
920 3531 1086 3610 defuncta,
1132 3531 1293 3597 secundas
1327 3532 1473 3598 incestas
1496 3553 1551 3596 nu-

310 3616 400 3703 ptias
422 3615 508 3680 inire
531 3618 799 3704 praesumpserit,
825 3641 884 3704 per
906 3617 1106 3706 Episcopum
1142 3642 1161 3682 a
1199 3620 1424 3686 communione
1453 3625 1552 3707 atque

311 3704 411 3769 altari
436 3715 597 3783 arceatur,
630 3706 807 3793 poenisque
852 3708 1017 3772 canonicis
1063 3706 1241 3786 afficiatur,
1274 3714 1312 3772 ut
1346 3709 1552 3796 peregrinam

310 3792 521 3880 spuriamque
543 3791 806 3879 conjunctionem
827 3793 992 3880 abjiciat‘
1020 3793 1111 3860 Idem
1136 3803 1170 3860 et
1194 3793 1349 3883 Synodus
1373 3795 1553 3862 Maronita-

310 3903 381 3946 rum
408 3879 501 3944 1736.
539 3880 696 3946 decrevit.

399 3968 519 4034 Relate
543 3968 585 4033 ad
607 3967 878 4056 impedimentum
913 3970 1129 4057 professionis
1164 3970 1340 4057 religiosae
1363 3995 1422 4038 seu
1447 3992 1553 4036 mona·

311 4055 426 4137 chalis,
451 4056 521 4122 sive
545 4057 616 4122 voti
649 4057 804 4122 solemnis
849 4067 1029 4144 perpetuae
1074 4060 1251 4138 castitatis,
1287 4059 1398 4127 Canon
1428 4057 1552 4126 XLIV.

312 4144 452 4211 Concilii
475 4144 627 4210 Trullani
652 4145 795 4210 statuit:
825 4145 1023 4224 ,Monachus
1047 4146 1276 4213 fornicationis
1300 4149 1483 4228 convictus,
1501 4144 1553 4212 vel

312 4231 355 4296 ad
379 4234 579 4298 matrimonii
603 4235 861 4300 communionem
885 4235 1041 4321 vitaeque
1071 4236 1263 4301 societatem
1287 4258 1421 4304 uxorem
1446 4235 1551 4311 duxit,

313 4320 544 4388 fornicationis
567 4323 681 4409 poenis
705 4322 929 4408 subjiciatur<<
957 4322 1136 4388 Manifeste
1160 4346 1199 4389 ex
1228 4324 1288 4390 hoc
1310 4323 1443 4390 Oenone
1467 4321 1554 4390 colli·

312 4410 406 4495 gitur
427 4407 582 4476 Monachi
604 4410 746 4498 professi
780 4411 980 4497 subsequam
1011 4411 1265 4493 matrimonium,
1300 4435 1365 4477 non
1389 4412 1554 4482 matrimo-

313 4497 414 4576 nium,
438 4495 496 4561 sed
519 4498 780 4579 fornicationem,
815 4499 1070 4564 concubinatum
1104 4521 1184 4580 esse,
1209 4499 1283 4567 ideo
1306 4522 1366 4587 per
1389 4499 1554 4567 Ganonem

390 4675 407 4748 ¹)
428 4675 535 4732 Confer.
554 4675 578 4744 5.
599 4675 641 4729 50.
661 4675 750 4730 Partis
778 4675 840 4730 l-ae
865 4674 946 4744 hujus
965 4673 1072 4745 Operis.
