3420 5358
797 371 862 436 259

209 588 242 654 in
265 585 461 676 quibusdam
482 585 566 655 locis
588 587 654 676 ipsi
677 589 779 654 etiam
811 589 1053 668 Protestantes,
1093 609 1232 674 quorum
1264 587 1453 674 baptismus

210 681 269 744 aut
291 674 414 742 dubius
433 681 493 744 aut
515 675 685 743 invalidus
707 685 769 758 est,
805 677 847 744 ad
874 677 1123 765 quaestionem:
1157 673 1214 742 An
1238 674 1457 742 Calvanistee

211 769 244 830 et
264 761 451 830 Lutherani
473 763 509 829 in
532 763 602 830 illis
624 764 777 851 partibus
790 764 959 850 degentes,
976 786 1116 849 quorum
1130 763 1295 851 baptisma
1313 761 1454 828 dubium

211 859 268 918 ant
290 857 481 939 suspectum
513 865 574 932 est,
609 851 771 919 infideles·
805 851 949 918 habendi
972 855 1041 919 sint
1072 854 1131 932 ita,
1166 857 1205 917 nt
1226 849 1318 916 inter
1341 871 1397 918 eos
1421 857 1455 916 et

211 939 400 1008 Catholicos
445 938 656 1027 disparitatis
691 941 803 1006 cultus
836 939 1108 1028 impedimentum
1154 937 1312 1004 dirimens
1336 937 1458 1004 adesse

167 1043 171 1052 ·
211 1025 529 1094 censeaturl'Feria
550 1029 621 1094 4-ta
644 1028 698 1096 die
723 1027 773 1094 17.
798 1027 997 1096 Novembris
1022 1027 1117 1094 1830.
1130 1028 1164 1093 in
1183 1025 1456 1112 Congregatione

212 1113 360 1202 generali
382 1113 415 1182 S.
438 1115 609 1182 Romanae
652 1116 854 1184 universalis
898 1115 1130 1206 inquisitionis
1158 1114 1330 1203 proposito
1355 1135 1458 1200 supra

213 1203 336 1291 scripto
359 1201 458 1271 dubio
481 1203 651 1270 decretum
674 1211 746 1272 est:
770 1204 805 1292 a)
830 1203 948 1289 Quoad
972 1205 1158 1272 haereticos
1173 1225 1313 1291 quorum
1339 1201 1458 1268 Sectae

213 1289 360 1358 Ritualia
404 1291 636 1382 praescribunt
681 1293 891 1360 collationem
923 1294 1082 1380 baptismi
1115 1292 1240 1380 absque
1273 1291 1461 1357 necessario

213 1403 274 1448 usu
296 1386 458 1446 materiae
481 1385 516 1448 et
538 1379 663 1448 formae
688 1381 887 1461 essentialis,
913 1381 1012 1448 debet
1035 1381 1217 1446 examinari
1240 1401 1336 1445 casus
1359 1377 1462 1465 parti-

214 1468 344 1536 cularis.
392 1471 424 1546 b)
464 1467 582 1550 Quoad
616 1468 702 1552 illos,
738 1471 795 1557 qui
826 1469 927 1558 juxta
963 1491 1077 1535 eorum
1108 1466 1262 1535 Ritualia
1285 1467 1462 1554 baptizant

213 1547 333 1637 valide,
357 1554 506 1622 validum
529 1556 727 1623 censendum
765 1564 817 1624 eet
852 1557 1029 1646 baptisma.
1054 1555 1203 1639 Quodsi
1227 1555 1365 1621 dubium
1389 1575 1462 1641 per·
1550 1571 1554 1582 ·
1684 1559 1685 1590 l

214 1647 313 1710 sistat
336 1645 436 1710 etiam
459 1643 622 1732 inprime
646 1668 734 1726 casu,
759 1645 956 1712 censendum
979 1654 1031 1712 est
1054 1644 1203 1711 validum
1238 1644 1404 1729 baptisma
1427 1642 1460 1708 in

215 1730 328 1799 ordine
350 1730 394 1798 ad
417 1730 627 1798 validitatem
652 1734 864 1800 matrimonii.
903 1737 934 1820 c)
957 1734 995 1801 Si
1018 1741 1131 1801 autem
1169 1739 1261 1799 certe
1284 1751 1465 1818 cognosca-

215 1827 271 1886 tur
292 1819 423 1886 nullum
446 1821 610 1907 baptisma
633 1843 673 1888 ex
696 1821 934 1890 consuetudine
957 1822 1082 1890 actuali
1096 1821 1186 1887 illius
1199 1826 1320 1899 sectae,
1333 1817 1464 1885 nullum

216 1915 267 1976 ast
291 1907 547 1976 matrimonium.

312 1994 558 2064 Corrolarium:
604 1996 701 2068 Inter
730 1997 921 2067 Catholicos
955 2006 990 2066 et
1012 1996 1230 2068 Acatholicos
1253 1995 1464 2063 Christianos

218 2083 327 2152 valide
348 2083 539 2171 baptizatos
561 2084 833 2175 impedimentum
858 2087 1016 2154 dirimens
1039 2085 1249 2174 disparitatis
1272 2085 1385 2151 cultus
1397 2107 1465 2152 non

191 2172 356 2268 obtinet,
380 2173 531 2258 quamvis
554 2171 704 2240 Ecclesia
737 2173 774 2241 id
786 2197 891 2261 genus
916 2175 1128 2242 matrimonia
1159 2173 1266 2239 mixta
1290 2173 1381 2240 dicte
1404 2172 1466 2238 im-

218 2261 345 2349 probet,
369 2271 404 2326 et
426 2261 467 2327 ab
491 2261 534 2326 iis
556 2260 710 2329 ineundis
733 2286 811 2329 suos
835 2263 1055 2348 dehortetur3
1094 2261 1180 2350 quod
1207 2261 1393 2329 instructio
1417 2283 1467 2328 se-

219 2347 396 2434 quentibus
420 2347 609 2437 expressit:

312 2433 464 2503 Ecclesia
516 2436 706 2505 detestatur
756 2437 903 2506 fidelium
950 2462 1021 2505 cum
1069 2437 1234 2527 apostatis
1289 2435 1464 2524 conjugia;

219 2524 384 2613 improbat
417 2547 546 2610 quoque
589 2528 797 2593 matrimonia
834 2529 924 2594 inter
957 2525 1147 2595 Catholicos
1184 2531 1218 2592 et
1253 2525 1465 2594 Christianos

219 2611 489 2695 Noncatholicos,
513 2622 548 2680 et
569 2615 611 2682 ab
635 2615 676 2681 iis
706 2616 859 2682 ineundis
891 2637 969 2682 suos
993 2615 1201 2681 dehortatur.

316 2700 440 2783 Quodsi
465 2708 576 2770 tamen
600 2703 662 2769 hoc
685 2726 751 2768 non
775 2703 1033 2771 obstanteinter
1049 2702 1242 2769 Catholicos
1264 2707 1300 2768 et
1322 2701 1470 2768 Acatho·

222 2787 302 2856 liccs
346 2789 593 2856 matrimonium
639 2790 867 2872 contrahatur,
901 2791 967 2856 nisi
1001 2791 1179 2879 utriusque
1202 2813 1301 2857 sexus
1324 2789 1470 2876 prolium

222 2876 385 2943 catholica
409 2876 562 2944 educatio
586 2886 805 2960 assecuretur,
829 2878 981 2946 Ecclesia
1016 2877 1161 2965 denegat
1193 2881 1227 2945 in
1264 2879 1397 2964 signum
1421 2900 1471 2943 re-

221 2964 425 3052 probationis
468 2966 594 3034 talibus
627 2968 847 3034 matrimoniis
892 2965 1156 3034 benedictionem
1200 2965 1463 3050 sacerdotalem

222 3059 321 3140 atque
344 3059 404 3119 aut
425 3054 559 3142 passive
581 3055 689 3122 solum
713 3055 893 3122 assistente
916 3054 1089 3123 Catholico
1112 3053 1271 3135 Parocho,
1296 3075 1407 3119 coram
1432 3075 1471 3120 eo

224 3148 257 3206 et
278 3140 424 3207 testibus
447 3143 624 3209 enunciato
647 3165 704 3230 per
727 3150 841 3229 partes
865 3165 1027 3210 consensu
1062 3142 1310 3210 matrimonium
1338 3147 1471 3207 contra-

223 3227 324 3310 hitur,
348 3233 408 3294 aut
430 3251 509 3296 vero
533 3253 641 3296 coram
665 3231 822 3298 Ministro
846 3229 1290 3298 confessionaliAcatholico
1315 3228 1352 3294 in
1374 3227 1470 3295 Hun-

223 3317 327 3404 garia,
351 3319 398 3384 sic
420 3319 703 3385 consentientibus
726 3321 878 3406 partibus
913 3318 1119 3386 instituitur.

319 3403 457 3472 Clericis
480 3410 591 3470 autem
615 3407 859 3473 matrimonium
882 3430 957 3473 cum
979 3407 1158 3474 haereticis
1180 3405 1334 3473 absolute
1359 3404 1474 3494 prohi-

225 3491 321 3560 betur
343 3491 476 3560 Oenone
498 3492 593 3562 XIV.
618 3493 758 3562 Concilii
788 3494 1079 3562 Chalcedonensis.

413 3652 448 3746 ξ.
479 3648 962 3754 103.1mpccimentun
990 3650 1287 3756 Cognationis.

323 3771 487 3875 Cognatio
510 3780 562 3842 est
585 3776 816 3926 propinquitas
848 3797 1075 3863 personarum,
1104 3798 1187 3865 quas
1212 3780 1273 3841 aut
1296 3774 1475 3859 sanguinis

227 3883 421 3943 communio,
455 3870 515 3930 aut
550 3884 586 3930 re
601 3863 721 3950 igionis
751 3864 850 3945 ratio,
884 3871 945 3931 aut
974 3865 1087 3951 legum
1127 3865 1180 3930 vis
1213 3861 1416 3948 constringit
1439 3886 1480 3930 ac

225 3951 377 4038 jungit.¹)
401 3950 539 4039 Triplex
561 3949 634 4018 ideo
656 3957 709 4017 est
732 3953 885 4038 cognatio
903 3953 1148 4021 matrimonium
1162 3950 1331 4018 dirimens.
1358 3949 1391 4035 l)
1415 3951 1476 4019 Oo-

228 4036 344 4124 gnatio
366 4039 542 4120 naturalis,
566 4061 625 4106 seu
648 4039 949 4126 consanguineitas,
971 4063 1056 4128 quae
1079 4049 1131 4108 est
1154 4039 1343 4124 conjunctio
1367 4059 1479 4126 perso·

229 4147 356 4206 narum,
379 4141 519 4214 quarum
553 4150 620 4194 una
653 4128 694 4192 ab
724 4125 844 4210 altera,
868 4126 922 4195 vel
952 4130 1069 4196 ambae
1098 4151 1119 4196 a
1146 4127 1311 4194 communi
1345 4138 1380 4192 et
1402 4129 1478 4216 pr'o·

230 4213 353 4301 pinque
375 4214 493 4302 stipite
515 4237 575 4302 per
597 4218 844 4301 generationem
878 4215 1044 4284 carnalem
1075 4215 1288 4297 descendunt,
1313 4221 1415 4302 atque
1439 4215 1474 4283 in

231 4324 269 4368 ea
292 4301 549 4388 distinguuntur
577 4305 743 4391 procreati
766 4327 805 4372 ex
836 4303 962 4391 nuptiis
992 4304 1162 4392 legitimis,
1198 4309 1234 4370 et
1256 4302 1359 4389 vulgo
1382 4326 1481 4392 quae-

231 4388 300 4470 siti,
323 4411 383 4458 seu
405 4389 585 4478 illegitimi.
610 4391 644 4478 2)
667 4392 832 4480 cognatio
864 4392 1062 4480 spiritualis,
1098 4413 1159 4460 seu
1181 4391 1416 4480 propinquitas
1440 4413 1481 4459 ex

232 4476 390 4567 baptismi
412 4486 448 4547 et
469 4479 731 4548 confirmationis
759 4479 946 4562 collatione,
971 4489 1006 4548 at
1033 4485 1245 4570 perceptione
1269 4478 1483 4568 proveniens.

232 4563 267 4647 3)
289 4565 453 4652 cognatio
476 4567 595 4656 legalis
619 4590 659 4637 ex
682 4567 861 4658 adoptione
893 4590 1108 4659 consurgens.

236 4681 442 4692 —n—-u

312 4743 330 4815 1)
351 4741 504 4800 narseus
523 4743 660 4802 recreent
679 4745 704 4802 a.
729 4745 797 4802 ana.
818 4741 842 4819 ἓ.
863 4744 924 4803 139·
1398 4816 1450 4875 17*
