3426 5368
748 463 752 468 v
789 365 846 430 311

280 589 317 674 d)
342 587 574 673 Praesumptio
619 610 677 652 seu
711 587 869 673 judicium
902 611 942 654 ex
982 595 1074 654 certo
1107 587 1227 653 indicio
1253 589 1433 654 verosimili

184 679 304 754 ortum,
337 673 390 739 vel
426 675 615 756 conjectura
646 696 686 740 ex
719 675 981 743 circumstantiis
1010 675 1098 741 facti.
1145 675 1180 740 Si
1214 673 1335 742 indicia
1368 685 1436 744 sint

184 761 366 843 evidentia,
392 783 541 846 magnam
566 763 727 848 probandi
752 765 817 828 vim
843 765 974 830 babent.
1007 763 1125 829 Plures
1149 768 1434 852 praesumptiones

182 849 374 936 probabiles
397 851 429 913 in
454 850 539 916 idem
563 855 807 918 consentientes
822 852 1029 940 probationis
1054 854 1118 916 vim
1144 857 1278 936 augent,
1298 874 1434 940 eamque

182 935 364 1022 aliquando
388 937 514 1022 plenam
546 935 698 1005 reddunt.

277 1030 307 1104 e)
332 1023 513 1106 Confessio,
552 1048 611 1092 seu
646 1029 850 1093 asseveratio
885 1026 957 1112 ejus
996 1026 1082 1111 quod
1107 1025 1319 1092 adversarius
1342 1050 1434 1114 prae·

182 1109 301 1193 tendit,
327 1120 388 1177 aut
411 1112 493 1179 facti
517 1115 642 1201 proprii
667 1117 707 1179 ab
732 1115 797 1181 alio
821 1115 917 1180 nobis
946 1115 1102 1202 imputati
1138 1113 1326 1180 affirmatio.
1352 1115 1434 1182 Con·

182 1198 281 1264 fessio
306 1222 416 1266 coram
439 1201 548 1288 judice
570 1201 739 1268 indubiam
762 1203 898 1290 probam
923 1203 1006 1268 facit
1026 1201 1124 1289 juxta
1149 1201 1249 1268 illud:
1279 1204 1431 1291 ,propria

182 1287 349 1352 confessio
374 1289 462 1355 mille
485 1295 619 1355 testes«
647 1289 682 1356 Si
707 1298 817 1356 tamen
853 1290 900 1356 sit
934 1290 1096 1356 confessio
1121 1290 1234 1370 libera,
1258 1295 1376 1377 sponte
1399 1301 1435 1359 et

181 1375 326 1440 scienter
350 1376 449 1456 facta,
473 1377 573 1457 clara,
598 1385 690 1444 certa
722 1386 756 1443 et
793 1379 891 1444 seria.
926 1377 1098 1445 Confessio
1135 1385 1244 1444 autern
1269 1385 1364 1444 extra
1381 1378 1433 1465 ju-

183 1461 302 1529 dicium
328 1463 419 1530 facta
442 1465 470 1529 si
495 1465 622 1531 duobus
650 1459 769 1533 saltem
808 1467 952 1532 testibus
981 1468 1151 1554 probetur,
1187 1465 1271 1532 facit
1301 1465 1432 1554 plenam

181 1552 328 1636 probam.
354 1552 525 1619 Confessio
550 1559 645 1619 nocet
677 1554 739 1620 soli
773 1554 969 1638 confitenti;
994 1557 1041 1620 sic
1074 1553 1237 1622 confessio
1260 1551 1433 1621 adulterae

181 1661 242 1703 non
269 1639 440 1705 convincit
463 1640 651 1707 adulterum
677 1643 898 1728 des²gnatum,
929 1643 977 1726 (C.
1002 1644 1033 1706 ὁ.
1066 1642 1107 1706 de
1130 1641 1252 1732 adult.)
1277 1664 1337 1708 nec
1359 1665 1434 1728 gra·

183 1737 236 1790 vat
259 1726 392 1808 liberos,
418 1750 499 1816 quos
523 1729 583 1794 illa
596 1729 791 1816 illegitimos
808 1730 949 1796 asserit:
975 1729 1136 1814 alleganti
1154 1729 1239 1794 anim
1264 1731 1433 1818 propriam

181 1815 425 1902 turpitudinem
450 1817 483 1882 in
507 1817 748 1905 praejudicium
773 1818 867 1884 tertii
898 1841 963 1883 non
986 1817 1143 1883 creditur.

266 1903 310 1991 s)
335 1905 594 1986 Attestationes,
619 1928 677 1970 seu
700 1906 854 1995 probatio
890 1928 949 1994 per
987 1912 1101 1971 testes.
1126 1904 1277 1970 Testium
1301 1907 1432 1972 nomine

182 1989 320 2055 veniunt
366 1992 551 2076 generatim
597 2016 757 2080 personae
787 1995 830 2059 ad
863 1995 944 2060 fecti
969 1994 1147 2060 veritatem
1192 1993 1331 2060 assertis
1362 1995 1432 2059 suis

181 2075 395 2144 evincendam
418 2080 578 2166 idoneae;
603 2104 660 2147 seu
683 2081 882 2167 fidedignae,
906 2105 990 2170 quae
1014 2081 1056 2146 ad
1081 2081 1238 2168 judicium
1253 2104 1314 2169 pro
1338 2083 1433 2148 teeti-

182 2167 288 2231 rnonio
312 2166 448 2233 ferendo
473 2176 629 2235 evocatae
652 2177 687 2234 et
710 2169 846 2235 auditae
869 2169 1011 2254 utquid
1036 2169 1076 2235 de
1100 2191 1198 2234 causa
1218 2177 1432 2235 controversa

180 2254 350 2337 cognitum
375 2255 528 2336 habeant,
553 2258 680 2323 sincere
704 2259 891 2324 enunciant.
921 2257 1039 2323 Testes
1065 2256 1106 2322 ad
1130 2257 1357 2323 testimonium
1381 2280 1432 2324 ac-

182 2341 346 2427 ceptabile
372 2344 540 2409 ferendum
565 2346 728 2411 inhabiles
744 2353 834 2426 sunt,
859 2353 893 2412 et
910 2345 1042 2434 quidem
1067 2345 1100 2432 1)
1125 2344 1277 2410 absolute
1290 2346 1431 2412 rationis

182 2429 333 2516 impotes,
358 2437 417 2498 aut
440 2436 497 2512 rei,
529 2433 570 2497 de
604 2456 667 2520 qua
690 2433 815 2520 agitur,
862 2435 1049 2520 cognitione
1094 2437 1228 2521 penitus
1263 2433 1430 2512 destituti,

180 2515 378 2604 impuberes,
403 2521 542 2608 perjurii
566 2535 625 2586 aut
648 2521 727 2588 falsi
750 2522 905 2602 convicti,
937 2524 1043 2609 pretio
1067 2520 1225 2608 corrupti,
1249 2528 1309 2586 aut
1332 2522 1431 2587 facile

179 2608 441 2694 corrumpibiles‚
463 2608 552 2676 sicut
574 2616 654 2676 sunt
677 2632 839 2698 pauperes
867 2610 1035 2676 interdum
1070 2616 1105 2675 et
1144 2612 1227 2675 viles
1250 2629 1429 2696 personae;
1478 2617 1482 2626 '

179 2713 276 2844 porro
324 2695 464 2761 infames
509 2697 599 2763 facto
634 2699 688 2763 vel
720 2699 805 2786 jure,
842 2697 1114 2764 excommunicati
1143 2702 1177 2762 et
1201 2695 1368 2764 haeretici.
1392 2698 1428 2770 2l

207 2789 297 2847 estes
321 2783 463 2851 relative
501 2784 665 2851 inhabiles
710 2785 837 2852 intuitu
883 2791 1048 2852 certarum
1081 2806 1297 2873 personarum
1331 2795 1430 2852 sunt:

179 2865 299 2934 Judaei
323 2893 383 2957 pro
407 2871 537 2938 Judaeo
560 2884 676 2939 contra
700 2874 938 2953 Christianum,
962 2874 1085 2939 inimici
1107 2879 1224 2939 contra
1243 2873 1429 2958 inimicnm;

178 2957 364 3043 sanguinis,
389 2959 605 3048 subjectionis
629 2969 664 3028 et
687 2961 787 3027 simili
834 2985 922 3026 nexu
955 2983 1028 3027 cum
1062 2961 1112 3042 iis,
1136 2982 1196 3048 pro
1220 2961 1350 3048 quibus,
1376 2961 1431 3027 vel

178 3055 294 3110 contra
318 3069 400 3130 quos
424 3055 593 3114 testentur
613 3050 734 3135 juncti,
759 3050 820 3115 nisi
846 3051 880 3114 in
905 3051 1035 3116 casibus
1073 3049 1146 3136 jure
1170 3049 1318 3136 exceptis
1341 3071 1373 3114 v.
1397 3073 1429 3136 g.

177 3132 345 3199 incensis
369 3137 669 3203 matrimonialibus
693 3140 792 3204 etiam
841 3137 1076 3223 consanguinei
1114 3139 1234 3202 testari
1265 3146 1429 3224 possunt;

175 3219 255 3284 item
280 3226 427 3309 exceptis
461 3225 593 3291 casibus
627 3227 660 3290 in
693 3227 813 3311 quibus
850 3226 976 3291 veritas
1026 3224 1127 3290 aliter
1161 3223 1274 3291 haberi
1307 3225 1430 3312 nequit.

175 3305 390 3395 Rejiciuntur
413 3312 513 3378 etiam
537 3319 643 3379 testes
666 3313 745 3381 laici
769 3320 884 3378 contra
908 3312 1052 3379 Clericos
1076 3312 1111 3377 in
1135 3313 1244 3377 causis
1269 3311 1428 3392 criminis,

175 3397 322 3484 exceptis
347 3397 477 3466 delictis
501 3402 649 3483 notoriis,
674 3401 889 3480 scandalosis,
914 3407 948 3465 et
973 3401 1029 3465 ubi
1048 3399 1281 3465 haberitestes
1305 3398 1425 3465 Clerici

174 3489 344 3571 nequeunt
366 3489 389 3572 ).
414 3488 448 3575 3)
472 3487 606 3555 Intuitu
630 3498 795 3556 certarum
829 3511 1002 3554 causarum
1027 3494 1131 3553 testes
1162 3486 1326 3552 inhabiles
1350 3493 1431 3552 sunt

173 3569 292 3638 Clerici
316 3573 350 3637 in
375 3598 473 3641 causa
497 3579 669 3662 sanguinis
693 3582 809 3643 contra
832 3577 948 3656 Reum,
972 3576 1082 3660 quivis
1106 3576 1138 3639 in
1164 3596 1264 3640 causa
1284 3574 1429 3661 propria,

173 3658 253 3724 item
278 3661 311 3724 in
337 3683 418 3744 quos
442 3687 604 3730 excausa
638 3666 781 3752 speciale
816 3665 953 3744 lucrum,
990 3662 1192 3730 commodum
1227 3673 1288 3728 aut
1311 3660 1431 3727 incom-

174 3746 305 3813 modum
329 3750 504 3817 redundat.
529 3753 754 3819 Examinandi
788 3759 899 3820 autern
923 3760 1003 3818 sunt
1034 3758 1140 3819 testes
1170 3752 1224 3816 vel
1249 3771 1359 3816 coram
1381 3749 1433 3834 ju-

173 3833 268 3916 dicio,
294 3837 348 3904 vel
371 3851 463 3904 extra
484 3840 645 3928 judicium
680 3864 740 3928 per
772 3841 1014 3907 commissarios
1051 3861 1199 3906 seorsum
1235 3845 1269 3906 et
1293 3843 1431 3914 secreto,

171 3924 311 3990 remotis
333 3928 497 4013 partibus,
520 3929 563 3994 ad
586 3931 810 4015 quaestiones,
843 3930 915 3994 sive
951 3929 1114 3995 articulos
1138 3937 1209 3992 tum
1234 3949 1252 3991 a
1276 3924 1430 4012 partibus

173 4010 315 4093 oblatos,
338 4025 409 4081 tum
434 4039 453 4080 a
473 4017 585 4103 judice
608 4040 649 4083 ex
672 4018 782 4083 officio
799 4017 953 4101 additos,
979 4038 1136 4104 responsa
1149 4015 1222 4080 sive
1239 4010 1432 4080 testimonia

173 4101 205 4166 in
229 4104 390 4187 scriptum
417 4105 548 4171 redacta
572 4106 716 4171 testibus
727 4105 852 4171 iterato
864 4105 1093 4192 perlegantur,
1117 4108 1219 4254 etopus
1244 4101 1431 4166 confectum

171 4187 249 4253 inde
272 4193 491 4277 protocollum
516 4193 557 4258 ad
581 4194 780 4282 petitionem
794 4194 875 4280 ejus,
900 4195 958 4279 qui
980 4197 1086 4257 testes
1099 4212 1158 4279 pro
1184 4194 1263 4268 ucit,
1278 4187 1433 4275 partibus

171 4280 404 4362 praesentibus
427 4281 625 4368 publicetur.

266 4367 306 4452 g)
330 4367 394 4434 Per
427 4371 661 4450 instrumenta,
697 4391 782 4455 quae
814 4375 894 4436 sunt
941 4368 1128 4454 scripturae
1165 4365 1218 4429 vel
1254 4362 1431 4429 adrerum

170 4459 341 4537 gestarum
367 4457 554 4523 memoriam
578 4458 743 4543 fidemque
767 4459 947 4538 confectae,
983 4454 1034 4520 vel
1059 4453 1177 4519 saltem
1202 4453 1246 4519 ad
1269 4451 1368 4518 fidem
1392 4449 1432 4513 de

171 4539 317 4608 veritate
342 4543 423 4610 facti
444 4545 549 4630 judici
573 4547 760 4612 faciendam
785 4546 932 4612 idoneae.
959 4544 1046 4610 Sunt
1069 4547 1181 4606 autem
1201 4541 1434 4608 Instrumenta

247 4723 264 4786 ¹)
284 4719 312 4776 C
332 4721 374 4776 21
395 4721 418 4776 ὃ,
440 4724 482 4779 22.
503 4723 545 4777 24.
567 4724 609 4780 ll.
631 4723 665 4778 de
686 4723 748 4778 lest.
770 4726 797 4776 et
816 4725 907 4776 allesl.
930 4721 958 4776 C.
978 4721 1002 4772 9.
1024 4719 1058 4772 de
1079 4732 1168 4772 acone.
