3476 5366
299 607 449 696 plerique
472 609 657 676 doctissimi
680 610 835 677 nituntur
860 609 1042 689 ostendere,
1075 631 1115 674 ex
1138 607 1316 696 disciplina
1339 606 1459 672 saltem
1503 605 1548 705 ab

299 693 506 784 Apostolicis
528 697 733 783 temporibus
757 696 919 777 derivata,
954 703 1144 763 sanctorum
1166 697 1307 762 Petrum
1352 693 1547 761 testimonio

300 803 338 850 ac
361 783 572 851 conciliorum
596 784 776 852 canonibus
798 785 956 851 roborata
989 782 1175 852 rectissime
1219 781 1374 850 credatur
1396 779 1548 847 inducta.

298 871 433 938 Etenim
457 871 511 938 vel
533 871 606 960 ipsa
629 871 832 940 Olerioorum
852 872 1013 959 dignitas,
1038 871 1271 952 ministerium,
1296 892 1335 937 ac
1358 869 1474 934 divina
1497 867 1548 933 of·

299 958 376 1026 ficia
398 960 439 1026 ab
460 960 542 1048 ipsis
565 961 723 1028 continuo
746 960 936 1049 peragenda
957 959 993 1024 id
1016 962 1147 1046 exigere
1177 959 1293 1026 merito
1327 957 1547 1042 videbantur;

298 1067 401 1131 quare
422 1047 588 1114 Eusebius
612 1049 919 1133 (Demonstraticne
941 1048 1148 1134 Evangelica
1171 1047 1228 1113 lib.
1252 1046 1280 1112 I.
1304 1045 1383 1132 Cap.
1398 1043 1476 1130 IX.)
1499 1042 1549 1109 lc·

298 1157 402 1224 quens
425 1135 466 1201 de
488 1135 663 1223 Episcopis
687 1158 726 1202 ac
747 1135 962 1223 Presbyteris
986 1135 1070 1216 „His
1101 1140 1211 1201 autem
1235 1133 1319 1221 ipsis
1363 1134 1481 1220 inquit,
1506 1135 1549 1197 ut

297 1221 490 1290 melioribus
513 1224 635 1291 studiis
657 1230 778 1292 vacent
800 1222 945 1304 liberius,
969 1223 1142 1310 sejunctus
1171 1245 1191 1288 a
1214 1244 1250 1289 re
1270 1221 1391 1288 uxoria
1435 1219 1548 1286 victus

297 1312 482 1392 adamatur,
506 1310 602 1378 velut
624 1311 678 1392 iis,
723 1312 760 1377 ui
783 1311 898 1377 divina
921 1317 956 1377 et
978 1310 1172 1400 incorporea
1194 1309 1308 1376 sobole
1331 1305 1548 1397 propaganda

298 1399 450 1486 occupati
473 1404 683 1465 teneantur.“
702 1334 868 1481 Quamvis
891 1404 1002 1464 autem
1024 1399 1142 1486 primis
1187 1397 1358 1464 Ecclesiae
1403 1395 1547 1462 maculis

297 1485 403 1573 aliqui
426 1488 525 1553 etiam
549 1509 589 1553 ex
612 1487 802 1573 conjugatis
826 1496 1077 1553 assumerentur
1097 1485 1141 1552 ad
1175 1485 1407 1565 sacerdotium,
1453 1484 1543 1572 quis,

297 1577 346 1640 uti
371 1579 461 1641 recte
484 1573 641 1640 observat
663 1575 903 1660 Hieronymus:
929 1596 1016 1654 „non
1039 1581 1093 1640 tot
1115 1582 1213 1641 erant
1258 1573 1416 1659 virgines,
1462 1579 1547 1659 quot

297 1662 471 1728 necessarii
496 1668 593 1728 erant
616 1662 824 1729 sacerdotcs“
849 1662 873 1728 ii
917 1668 1031 1728 tamen
1062 1661 1306 1748 deligebantur,
1353 1660 1408 1749 qui
1442 1658 1547 1726 conti-

297 1750 431 1817 nentina
454 1749 560 1836 legem
608 1755 661 1816 ost
684 1749 841 1818 Ordinem
866 1749 1077 1817 exactissime
1100 1771 1235 1817 servare
1266 1756 1300 1816 et
1323 1752 1486 1814 noverant
1509 1751 1548 1813 et

296 1837 550 1904 constituerant.
576 1773 710 1925 Ouapro
735 1845 788 1905 ter
810 1843 1011 1906 memoratus
1034 1844 1171 1906 sanctus
1193 1838 1321 1904 Doctor
1343 1875 1387 1885 —-
1430 1834 1547 1917 „Obri-

296 1935 379 2006 stus,
403 1924 522 2013 inquit,
546 1924 662 2012 Virg0,
688 1862 793 2013 Virgo
806 1927 914 1992 Maria
936 1929 1112 2016 utriusque
1130 1950 1228 1994 sexus
1237 1925 1446 2010 virginitatis
1455 1923 1549 1989 dedi·

296 2035 413 2079 cavere
437 2014 609 2101 principia;
620 2014 775 2100 Apostoli
787 2017 840 2080 vel
853 2014 1012 2101 virgines,
1025 2017 1079 2084 vel
1088 2026 1166 2104 post
1177 2015 1313 2103 nuptias
1325 2013 1545 2081 continentes.

300 2100 462 2190 Episcopi,
482 2101 688 2189 Presbyteri,
713 2102 855 2169 Diaconi
878 2110 938 2170 aut
962 2105 1112 2190 virgines
1135 2104 1317 2190 eliguntur,
1342 2107 1401 2168 aut
1437 2099 1545 2182 vidui,

296 2195 355 2255 aut
378 2196 468 2256 certe
490 2197 567 2277 post
590 2190 811 2256 sacerdotium
834 2192 868 2256 in
891 2199 1063 2260 aeternum
1088 2191 1223 2280 pudici“
1248 2229 1292 2240 —
1316 2191 1447 2276 (contra
1484 2186 1546 2254 Jo-

295 2277 491 2363 vinianum.)
515 2277 630 2362 Neque
651 2277 877 2366 Hieronymus
900 2279 1052 2371 loquitur
1075 2287 1206 2348 tantum
1229 2280 1270 2346 dc
1294 2279 1468 2368 disciplina
1480 2276 1548 2344 Ec·

295 2364 415 2432 clasiae
438 2364 684 2451 Occidentalis;
709 2367 820 2433 utitur
843 2369 930 2434 enim
954 2368 1171 2457 argumentis,
1204 2367 1457 2457 rationibusque
1503 2387 1547 2434 ex

295 2452 386 2520 Cleri
408 2452 574 2539 dignitate
597 2475 636 2519 ac
659 2453 769 2521 officio
793 2454 966 2540 derivatis,
991 2481 1075 2547 quac
1098 2465 1189 2523 certe
1210 2456 1412 2523 universalis
1428 2455 1546 2524 Eccle-

295 2541 364 2607 siae
387 2540 519 2608 Olerum
542 2541 745 2628 respiciunt;
769 2542 841 2630 ipse
864 2545 998 2634 insuper
1021 2546 1077 2634 qui
1103 2543 1276 2610 maximam
1322 2545 1415 2612 vitae
1458 2566 1546 2611 suae

295 2633 423 2717 partem
446 2629 481 2694 in
504 2629 642 2697 Oriente
665 2630 816 2710 duxerat,
840 2630 933 2700 illius
954 2634 1125 2701 Ecclesiae
1163 2631 1371 2717 disciplinam
1417 2632 1546 2721 optime

294 2723 451 2801 noverat3
477 2739 514 2783 ac
538 2717 678 2805 denique
704 2720 791 2785 iacto
816 2719 984 2788 Ecclesiae
1007 2720 1208 2788 universalis
1232 2719 1416 2805 Vigilantii
1460 2720 1544 2788 deli·

293 2811 444 2871 ramenta
462 2805 620 2871 confutat
643 2831 676 2853 =
700 2806 870 2893 inquiens:
897 2809 1009 2890 „Quid
1032 2810 1157 2876 facient
1180 2807 1329 2875 Orientis
1358 2808 1544 2891 Ecclesiae,

294 2892 374 2981 quid
395 2893 550 2981 Aegypti
580 2899 615 2959 et
638 2893 733 2960 Sedis
757 2896 1001 2980 spostolicae?
1024 2919 1109 2982 quae
1132 2902 1193 2962 aut
1220 2896 1369 2982 virgines
1392 2896 1546 2964 Olericos

294 2981 471 3068 accipiunt,
495 2987 555 3046 aut
577 2981 796 3060 continentes,
821 2990 881 3051 aut
903 2985 933 3051 si
957 3007 1075 3052 uxores
1097 2984 1286 3065 habuerint,
1333 2985 1446 3052 mariti
1470 3007 1546 3054 esse

295 3067 471 3135 desistunt.
495 3095 529 3120 =
554 3068 685 3157 (contra
710 3069 890 3158 Vigilant)

388 3157 594 3244 Hieronymo
617 3157 758 3223 concinit
781 3159 990 3247 Epiphanius
1014 3161 1047 3227 in
1071 3160 1241 3228 Ecclesiae
1265 3159 1449 3227 Orientalis
1494 3159 1546 3226 di·

293 3244 433 3332 sciplina
456 3266 494 3310 ac
518 3245 662 3313 moribus
686 3248 832 3333 apprime
855 3255 1018 3316 versatus.
1042 3249 1147 3315 Porro
1171 3255 1309 3316 sanctus
1340 3248 1469 3316 Doctor
1494 3247 1546 3314 hi-

293 3333 415 3400 storica
438 3333 491 3398 sui
514 3334 672 3420 temporis
696 3335 907 3421 disciplinam
930 3360 1094 3425 exponens
1126 3376 1168 3387 —
1202 3335 1443 3417 Sacerdotium,
1491 3337 1544 3402 in·

294 3423 375 3505 quit,
399 3443 440 3487 ex
463 3421 631 3507 virginum
656 3421 771 3488 ordine
795 3425 970 3512 praecipue
993 3430 1135 3506 constat,
1161 3431 1220 3491 aut
1244 3427 1273 3489 si
1298 3425 1405 3491 minus
1420 3445 1460 3491 ex
1477 3424 1547 3490 vir·

292 3508 428 3593 ginibus
452 3557 459 3574 .
485 3559 492 3573 .
517 3559 524 3574 .
550 3531 591 3575 ex
609 3510 661 3574 his
685 3511 789 3577 creari
813 3513 1001 3581 sacerdotes
1025 3513 1143 3593 solent,
1168 3513 1225 3599 qui
1250 3535 1269 3578 a
1301 3512 1371 3578 suis
1406 3535 1441 3580 se
1465 3535 1545 3579 uxo-

293 3595 386 3662 ribus
410 3599 592 3678 continent,
617 3604 677 3663 aut
700 3649 707 3663 .
733 3649 740 3663 .
766 3650 773 3665 .
797 3603 831 3666 in
856 3600 1023 3668 viduitate
1046 3609 1226 3668 versantur
1251 3637 1291 3648 -—
1316 3599 1364 3688 (S.
1396 3600 1544 3688 Epipha-

293 3683 367 3750 nius
390 3684 425 3750 in
449 3686 654 3770 expositione
678 3686 756 3753 fidei
779 3688 971 3755 Catholicae
994 3689 1072 3777 Oap.
1099 3688 1169 3777 21.)
1206 3715 1239 3738 =
1264 3688 1354 3769 Quin
1378 3709 1461 3769 eum,
1480 3688 1542 3773 qui

293 3771 401 3839 adbuc
423 3773 458 3840 in
481 3771 695 3839 Matrimonio
719 3775 812 3861 degit
836 3799 875 3843 ac
895 3777 1009 3844 liberis
1034 3779 1092 3843 dat
1116 3798 1259 3864 operam,
1283 3777 1420 3842 tametsi
1443 3779 1545 3842 unius

293 3860 340 3925 sit
360 3861 474 3927 uxoris
499 3861 560 3941 vir,
586 3883 625 3928 ne
650 3883 791 3948 usquam
814 3871 924 3931 tamen
938 3864 1143 3948 adDiaconi‚
1163 3865 1368 3949 Presbyteri,
1381 3863 1544 3966 Episcopi

292 3956 353 4014 aut
374 3948 609 4036 Hypodiaconi
665 3949 791 4018 rdinem
815 3952 966 4019 admittit
989 3952 1140 4020 Ecclesia
1163 3952 1221 4021 nbi
1245 3951 1462 4020 ecclesiastrci
1483 3951 1545 4018 Oa·

292 4057 394 4103 nones
417 4044 571 4104 accurate
595 4045 774 4105 servantur
799 4079 839 4090 —
863 4041 969 4125 (Idem
994 4041 1123 4108 haeresi
1148 4040 1215 4126 59.)
1254 4040 1362 4121 Quam
1406 4039 1541 4128 quidem

292 4125 535 4191 conclusionem
558 4126 632 4193 ideo
655 4127 779 4214 adjecit
801 4127 1021 4215 Epiphanius,
1046 4132 1199 4214 quoniam
1232 4129 1356 4215 optime
1401 4133 1546 4195 noverat

292 4209 523 4298 Presbyteros,
547 4215 713 4282 Diaconos
736 4221 798 4282 etc.
823 4216 947 4282 alicubi
971 4239 1011 4283 ex
1022 4217 1201 4283 Pastorum
1213 4215 1421 4302 negligentia
1433 4215 1545 4283 adhuc

292 4297 414 4366 liberos
438 4305 613 4389 suscipere,
638 4304 724 4371 unde
748 4325 767 4370 e
790 4304 936 4389 vestigio
959 4305 1159 4392 respondet:
1184 4343 1226 4353 -
1249 4303 1325 4371 Non
1370 4302 1456 4370 illud
1501 4325 1544 4371 ex

292 4385 437 4454 Cononis
459 4391 662 4457 auctoritate
685 4392 767 4472 fieri,
793 4393 852 4459 sed
874 4398 1012 4482 propter
1035 4393 1204 4459 hominum
1227 4391 1407 4478 ignaviam,
1454 4413 1542 4481 quae

292 4476 393 4541 certis
415 4479 621 4565 temporibus
645 4479 856 4567 negligenter
876 4503 978 4568 agere
1001 4487 1036 4548 et
1059 4482 1237 4548 connivere
1259 4480 1354 4547 solet.

388 4563 504 4653 Neque
526 4566 627 4633 aliter
649 4569 802 4635 sentiunt
825 4569 928 4636 ceteri
950 4569 1071 4636 Patres
1094 4567 1215 4638 Graeci
1237 4575 1277 4635 ut
1296 4568 1542 4656 Chysostomus

291 4648 325 4714 in
349 4649 459 4739 Epist.
485 4651 515 4718 1.
539 4655 581 4719 ad
602 4654 746 4724 rimoeh.
773 4655 856 4722 hom.
883 4657 944 4738 lO.,
969 4657 1154 4744 Gregorius
1178 4655 1543 4744 Nyssenus,deVirgi-

293 4737 400 4806 nitate
424 4763 493 4829 cap.
518 4743 646 4808 ultimo.
672 4744 842 4831 Origenes,
867 4745 969 4812 homil
994 4746 1046 4812 23.
1072 4747 1105 4810 in
1132 4746 1186 4813 lib.
1214 4766 1337 4812 numer.
1350 4750 1413 4811 etc.
1437 4742 1543 4830 (Vide
