3464 5366
910 469 973 535 102
999 533 1002 540 ,

837 565 1040 572 ...am

237 738 240 775 ,
315 698 415 758 trum.
439 689 487 758 Et
509 693 619 779 reipsa
641 691 673 758 S.
697 692 816 758 Patres
841 715 952 758 omnes
975 691 1262 780 principalitatem
1286 691 1405 757 harum
1430 690 1559 758 sedium

315 802 335 847 a
358 778 555 848 fundatione
578 801 637 867 per
660 786 810 848 sanctum
834 781 972 847 Petrum
995 781 1184 868 Principem
1208 779 1459 867 Apostolorum,
1496 802 1560 846 non

316 873 426 936 autem
450 889 470 933 a
492 869 728 970 praerogativa
751 868 892 958 quadam
917 867 1230 955 civilirepetunt.1)
1255 867 1348 949 Quae
1372 867 1449 934 dein
1465 868 1560 934 insti·

312 962 393 1024 tuta
415 955 553 1047 Imperii
575 956 717 1033 Romani
741 979 830 1024 nova
852 956 1024 1037 divisione,
1048 956 1237 1043 Regionum
1260 955 1463 1045 Metropoles
1487 977 1561 1023 eva-

316 1050 441 1126 serunt,
466 1049 500 1111 et
520 1044 786 1131 jurisdictionem
809 1045 844 1111 in
867 1046 974 1111 totius
1018 1044 1178 1131 Regionis
1224 1043 1346 1110 Eoisco
1371 1049 1469 1126 atus,
1505 1044 1561 1134 qui

317 1132 490 1202 dioecesim
513 1155 613 1199 unam
624 1131 1320 1221 Regionisconstituebantpatriarchalem,
1334 1067 1561 1200 ohtinuerunt.

537 1335 572 1428 ἕ.
601 1332 668 1416 89.
697 1333 761 1414 De
787 1334 961 1414 nomine
980 1331 1356 1414 Patriarcharum.

412 1499 540 1566 Nomen
563 1499 780 1567 Patriarchae
803 1499 941 1586 originis
987 1499 1143 1581 Graecae,
1189 1500 1378 1587 Principem
1422 1497 1562 1568 Petrum

318 1589 476 1672 denotat;
501 1588 535 1654 in
558 1591 664 1656 veteri
678 1588 903 1675 'Testamento
938 1588 1106 1654 habebant
1140 1588 1253 1677 capita
1284 1587 1444 1669 tribuum,
1480 1609 1564 1677 quae

316 1675 475 1765 populum
497 1675 716 1743 israeliticum
740 1675 999 1743 constituebant.
1023 1676 1162 1743 Eversis
1186 1681 1298 1744 autem
1320 1675 1564 1764 Hierosolymis

317 1787 434 1831 nomen
458 1763 519 1830 hoc
541 1769 719 1831 traxerunt
740 1764 915 1831 Praesides
938 1763 1106 1853 Syhedrii.
1131 1764 1233 1854 Apud
1246 1763 1456 1833 Christianos
1467 1763 1566 1851 primi

317 1852 543 1920 Montanistae
567 1852 724 1918 haeretici
747 1852 809 1919 hoc
831 1873 949 1921 nomen
973 1860 1200 1942 ¹usurparunt;
1225 1875 1286 1920 nec
1309 1853 1565 1920 antesaeculum

319 1941 361 2007 V.
386 1940 420 2005 in
443 1939 597 2006 Ecclesia
618 1939 811 2008 Christiana
833 1940 990 2006 invaluit.
1027 1940 1137 2024 Quum
1166 1962 1246 2008 vero
1282 1940 1402 2006 Patres
1437 1939 1566 2028 Synodi

320 2027 607 2109 Chalcedonensis,
631 2029 775 2094 Leonem
798 2027 941 2116 primum
963 2030 1161 2097 Pontificem
1184 2029 1290 2096 totius
1313 2028 1484 2096 Ecclesiae
1507 2029 1566 2095 Pa·

257 2144 259 2147 *
319 2113 497 2184 triarcham
522 2116 775 2202 salutassent2):
800 2118 891 2182 vocis
913 2115 1013 2201 hujus
1035 2139 1116 2184 usus
1139 2119 1174 2183 in
1205 2115 1357 2184 Ecclesia
1387 2116 1442 2182 ita
1472 2118 1567 2182 inva-

320 2204 396 2284 luit,
419 2209 459 2269 ut
481 2203 530 2270 illi
554 2204 729 2271 Praesules
753 2203 793 2269 de
816 2203 933 2290 regula
955 2204 1173 2272 Patriarchae
1197 2205 1395 2288 dicerentur,
1420 2205 1478 2288 qui
1501 2226 1567 2271 non

320 2296 453 2377 tantum
476 2292 630 2380 pluribus
652 2292 837 2380 Episcopis,
862 2313 977 2358 verum
1001 2293 1103 2359 etiam
1126 2292 1270 2379 integris
1282 2292 1476 2358 nationibus
1486 2297 1567 2358 tam·

321 2381 561 2469 qnamPatres
585 2380 778 2469 spirituales
802 2387 988 2468 praeerant.
1027 2380 1116 2447 Dum
1139 2387 1250 2448 autem
1273 2381 1393 2447 Patres
1426 2379 1568 2448 Concilii

320 2467 598 2536 Chalcedonensis
620 2467 1025 2540 RomanumPontificem
1063 2469 1287 2536 universalem
1316 2468 1423 2535 totius
1454 2467 1568 2534 Eccle-

321 2559 389 2624 siae
412 2556 642 2647 Patriarcham
665 2556 897 2644 salutarunt,³)
923 2556 1135 2624 manifestum
1159 2561 1227 2624 est:
1252 2557 1371 2624 Patres
1417 2556 1567 2642 ejusdem

321 2643 461 2713 Concilii
484 2667 646 2710 summum
668 2644 866 2711 Pontificem
889 2645 1033 2711 omniu'm
1056 2645 1163 2712 totius
1172 2645 1343 2713 Ecclesiae
1355 2643 1567 2712 Christianae

321 2734 461 2800 Petrum
484 2732 629 2814 Patrem,
654 2732 725 2800 sive
748 2732 893 2798 omnium
916 2731 1154 2821 Episcoporum
1177 2732 1358 2821 principem
1371 2755 1428 2799 seu
1441 2735 1568 2821 apicem

323 2821 515 2908 agnovisse3
539 2827 579 2889 ut
602 2819 692 2901 adeo,
716 2842 834 2886 nomen
864 2819 1081 2887 Patriarchae
1115 2821 1191 2888 aliis
1225 2820 1402 2910 Episcopis
1433 2843 1498 2887 non
1530 2842 1569 2886 eo

322 2931 386 3000 quo
410 2909 560 2996 Principi
583 2908 728 2974 omnium
751 2907 991 2996 Episcoporum
1014 2931 1114 2976 sensu
1136 2909 1303 2976 tributum
1338 2920 1396 2990 est,
1432 2907 1491 2976 sed
1529 2931 1569 2975 eo

323 2998 439 3077 solum,
464 2996 551 3084 quod
573 2995 663 3062 inter
685 2995 867 3084 Episcopus
890 3018 969 3063 suae
992 2996 1159 3064 Dioecesis
1182 2996 1341 3086 Princeps
1354 3002 1452 3077 esset,
1489 3001 1569 3064 rout

323 3085 550 3154 testimonium
573 3084 727 3172 perhibet
749 3083 953 3151 Theodosius
975 3085 1088 3174 junior
1110 3085 1298 3173 Imperator
1332 3083 1376 3152 ad
1413 3019 1571 3152 Valenti-

323 3176 457 3241 nianum
481 3176 516 3239 et
538 3171 711 3239 Placidum
747 3171 795 3238 sic
817 3171 983 3239 scribens:
1008 3174 1066 3257 „si
1088 3175 1222 3242 videtur
1253 3178 1386 3241 vestrae
1416 3194 1569 3241 reveren-

324 3266 401 3342 tiae,
426 3260 627 3328 sanctissimi
650 3260 866 3328 Patriarchae
899 3261 1137 3349 uniuscujusve
1171 3262 1367 3329 Dioeceseos
1402 3260 1568 3348 eligentes

301 3373 426 3418 unum
449 3356 509 3416 aut
531 3348 710 3417 secundum
733 3349 885 3437 propriae
909 3349 1067 3439 cujusque
1090 3349 1318 3418 Dioeceseos.“
1342 3349 1469 3433 Quodsi
1498 3347 1570 3438 jam

324 3437 541 3506 Patriarchae
563 3436 927 3525 Constantinopolitani
950 3443 1130 3526 praeeunte
1152 3437 1175 3506 J
1178 3461 1282 3506 oanne
1305 3437 1330 3504 J
1331 3437 1504 3525 ejuratore
1526 3437 1571 3503 ti-

325 3526 434 3594 tulum
456 3525 672 3592 Patriarchae
695 3525 893 3592 oecumenici
915 3527 986 3594 sive
1007 3526 1218 3608 universalis,
1243 3526 1316 3594 sine
1351 3525 1427 3612 jure
1449 3525 1572 3614 princi-

326 3620 426 3704 patus
448 3616 482 3682 in
505 3618 580 3681 tota
603 3613 729 3682 Christi
752 3612 912 3695 Ecclesia,
937 3614 1025 3702 quod
1050 3615 1102 3700 ius
1127 3614 1189 3680 soli
1212 3614 1394 3682 successori
1406 3613 1572 3702 Principis

326 3701 566 3790 Apostolorum
588 3702 738 3769 Romano
761 3701 917 3769 Pontifici
939 3703 1110 3791 proprium
1134 3709 1195 3781 est,
1219 3702 1285 3770 sihi
1307 3708 1476 3788 arrogant,
1493 3700 1573 3768 ridi-

327 3791 436 3858 culam
458 3811 527 3856 rem
550 3789 689 3870 faciunt,
713 3794 748 3856 et
770 3789 898 3857 fastum
919 3813 1015 3857 suum
1037 3791 1194 3878 produnt,
1236 3814 1333 3882 quem
1356 3790 1420 3878 ipsi
1444 3811 1573 3857 summo

327 3878 481 3945 Pontifici
504 3877 653 3945 Romano
675 3899 735 3965 per
759 3899 848 3946 eram
870 3881 1066 3968 appingunt,
1091 3879 1147 3965 qui
1171 3879 1268 3966 digne
1292 3878 1387 3947 sedet
1410 3877 1574 3946 inCathe·

330 3967 389 4052 dra
412 3965 525 4034 Prinoi
550 3968 578 4032 is
601 3900 840 4054 Apostolhrum
862 3966 965 4047 Petri,
989 3974 1090 4054 prout
1112 3973 1244 4054 praeter
1265 3967 1334 4053 jam
1357 3966 1503 4033 adducta
1525 3971 1574 4032 te-

329 4053 485 4121 stimonia
538 4053 667 4122 arasius
690 4053 886 4125 Patriarcha
909 4055 980 4142 ipse
1001 4055 1394 4143 Constantinopolitanus
1425 4055 1576 4122 scribens

329 4142 480 4209 Adriano
503 4143 643 4232 Papae4)
667 4139 846 4209 confitetur
869 4144 997 4210 verbis:
1022 4143 1295 4224 „Cum'Divinus
1318 4144 1440 4212 Petrus
1485 4142 1577 4230 Apo·

330 4229 447 4312 stolus,
472 4230 566 4318 cujus
590 4229 790 4298 Cathedram
814 4230 936 4298 sortita
958 4237 1011 4298 est
1034 4233 1203 4300 Sanctitas
1226 4236 1370 4300 vestra.“

406 4479 424 4549 ¹)
444 4477 503 4534 vid.
523 4476 659 4532 Binterim
679 4476 754 4532 Tom.
777 4478 801 4532 3.
822 4493 882 4562 pag.
903 4476 963 4532 186.

406 4572 426 4643 ²)
445 4573 521 4628 Tom.
540 4571 572 4626 11.
594 4569 694 4626 Concil.
714 4571 844 4626 Hardnin.
866 4570 1003 4627 c01.257.
1025 4576 1051 4628 et
1070 4571 1130 4629 321.
1152 4572 1335 4630 sanctissimo
1374 4571 1401 4624 et
1425 4566 1578 4622 universali

332 4643 565 4715 Archi-Episcopo
588 4646 615 4698 et
633 4643 811 4698 Patriarchae
829 4661 947 4714 magnae
966 4644 1079 4701 Romae.

331 4741 342 4764 '
409 4739 429 4810 ³)
448 4740 507 4794 Act.
527 4740 552 4793 2.
574 4735 630 4793 Col.
650 4736 710 4792 286.

408 4837 428 4906 ⁴)
447 4834 527 4905 Apud
546 4833 676 4903 Bevereg.
698 4832 774 4888 Tom.
794 4833 825 4888 Il.
845 4848 905 4902 pag.
926 4831 985 4886 184.
