3476 5366
843 329 908 394 199

768 425 974 433 m--a-a--a—

237 555 307 638 gat,
331 548 361 615 ai
383 546 515 633 longior
537 546 683 615 locorum
700 548 743 616 ad
765 547 956 636 parochiam
979 547 1223 702 pertinentium
1246 549 1490 632 distantie,aut

237 635 391 704 molestia
414 636 542 702 viarum
566 655 679 703 curam
714 636 896 706 animarum
945 635 978 702 di
1005 635 1102 702 cilem
1146 635 1289 722 reddat3
1336 639 1492 726 parochia

237 725 369 792 omnino
392 721 495 790 dividi
519 727 632 812 potest
656 723 757 791 etiam
780 723 890 792 invito
912 723 1086 809 Parocho;
1109 728 1270 812 qnantum
1293 726 1491 794 tamenfieri

236 819 348 902 potest
371 810 442 878 auti
466 833 528 879 uae
551 810 722 880 Ecclesiae
743 815 967 901 possessiones
990 811 1213 899 retinendae1)
1236 817 1271 880 et
1284 812 1405 881 divisio
1422 837 1488 881 non

234 901 329 990 prius
352 833 501 984 fucanda,
521 921 620 988 quam
642 899 790 966 officium
821 900 1002 981 vacaverit,
1049 900 1104 967 vel
1149 901 1288 988 antiquo
1334 901 1488 970 Parocho

236 988 450 1078 aequivalens
474 987 666 1056 beneficium
691 988 798 1055 detur.
823 987 973 1071 Quodsi
997 987 1251 1056 Parochiafnit
1294 995 1486 1077 patronata,
1599 1005 1602 1014 ¹

235 1076 323 1145 idem
345 1081 507 1166 patronus
530 1078 594 1142 erit
617 1081 653 1143 et
675 1079 752 1142 novi
775 1075 936 1156 beneficii,
960 1076 1026 1142 nisi
1049 1075 1137 1143 alter
1180 1078 1280 1144 etiam
1315 1089 1491 1160 concurrat

235 1165 278 1232 ad
301 1165 515 1244 dotationem,
539 1166 594 1253 qui
616 1172 849 1253 compatronus
873 1171 947 1231 errt.
972 1164 1029 1231 Ad
1052 1163 1266 1232 dividendum
1279 1164 1486 1248 beneficium,

236 1259 306 1320 tam
329 1251 559 1331 beneficiatus,
583 1274 681 1341 quam
703 1258 877 1341 patronus,
902 1257 937 1319 et
959 1250 1075 1318 fideles
1097 1251 1254 1319 audiendi
1300 1259 1380 1320 sunt
1425 1255 1486 1322 sub

235 1341 395 1409 nullitate
418 1340 597 1406 divisionis.
622 1339 823 1410 Canonistae
846 1346 954 1429 agunt
977 1339 1078 1406 etiam
1117 1339 1157 1405 da
1202 1341 1484 1430 Incorporatione,

231 1429 313 1498 ‚dum
336 1427 473 1517 aliquod
495 1428 689 1496 beneficium
713 1428 937 1530 corporationi
968 1427 1169 1510 adnectitur,
1216 1429 1271 1497 uti
1316 1425 1484 1519 Capitulo,

235 1517 354 1584 Ordini
377 1515 544 1604 religioso,
569 1515 797 1584 universitati.
821 1515 910 1585 Vide
933 1515 1143 1584 canonistas.

472 1697 508 1791 ἓ.
536 1693 605 1777 25.
633 1693 893 1797 Suppressio
919 1693 1250 1778 Beneficiorum.

329 1839 537 1931 suppressio,
561 1844 614 1907 est
636 1841 796 1908 extinctio
831 1839 994 1920 beneficii,
1019 1839 1096 1907 dnm
1122 1839 1267 1908 officium
1292 1863 1332 1908 ex
1354 1845 1487 1931 integro

233 1927 390 1996 abolitur.
425 1928 590 1996 Beneficia
614 1935 730 1995 curata
752 1929 818 1996 nisi
842 1951 883 1995 ex
904 1929 1116 2015 gravissimis
1138 1929 1326 1997 rationibus
1368 1940 1488 2000 ossunt

231 2017 405 2105 supprimi,
430 2015 545 2105 quales
568 2023 675 2084 aunt:
700 2019 735 2101 a)
758 2017 788 2083 si
810 2017 970 2102 quaedam
995 2017 1216 2084 communitas
1254 1953 1487 2088 beneliciatum

233 2105 361 2192 pluries
385 2105 588 2190 occiderer).
613 2108 645 2190 b)
668 2103 705 2172 Si
717 2113 900 2193 proventus
924 2105 1006 2171 adeo
1030 2106 1199 2172 attenuati
1224 2105 1304 2184 sint,
1328 2112 1368 2174 ut
1390 2108 1487 2176 bene·

232 2195 364 2260 ficiatus
383 2216 422 2260 ex
445 2194 486 2260 iis
508 2192 555 2259 ali
578 2215 644 2259 uon
667 2194 784 2281 possit,
809 2215 914 2281 neque
937 2193 1029 2260 ullus
1053 2193 1170 2260 modus
1185 2201 1345 2283 suppetat
1356 2217 1487 2264 succur-

232 2281 336 2347 rendi.
360 2284 391 2366 c)
414 2281 452 2348 Si
474 2280 590 2368 exigat
611 2282 881 2368 suppressionem
905 2281 1013 2368 majus
1040 2280 1211 2349 Ecclesiae
1258 2282 1378 2350 bonum
1424 2290 1485 2352 aut

232 2370 422 2449 necessitas,
447 2370 488 2434 ob
511 2390 609 2456 quam
633 2373 733 2435 etiam
757 2391 774 2435 e
797 2369 994 2457 praebendis
1026 2369 1274 2437 canonicalibus
1319 2372 1485 2460 supprimi

233 2463 393 2545 possunt;
417 2455 447 2522 si
470 2456 681 2546 Capitulares
704 2457 819 2525 vivere
842 2480 907 2524 non
930 2457 1073 2546 possint,
1096 2457 1308 2546 poteritcum
1321 2480 1485 2528 consensu

232 2545 501 2612 concernentium
523 2566 584 2634 per
605 2545 842 2612 auctoritatem
865 2550 1107 2634 competentem
1131 2568 1232 2612 unum
1249 2546 1385 2615 aliudve
1400 2549 1481 2616 stal-

231 2632 302 2699 lum
324 2632 514 2700 canonicale
536 2634 698 2722 supprimi
722 2639 892 2701 eteorum
915 2640 1099 2723 proventus
1144 2633 1388 2723 capitularibus
1433 2657 1483 2704 re·

232 2723 356 2788 mansis
378 2720 497 2787 addici.
522 2720 620 2804 Quod
643 2721 673 2787 si
695 2721 830 2810 patroni
852 2721 1016 2810 imprimis
1039 2721 1141 2803 Laiei,
1168 2725 1229 2788 ant
1251 2720 1312 2788 alii
1345 2724 1483 2792 interes·

232 2807 299 2875 aati
320 2808 602 2876 irrationabiliter
623 2809 853 2898 suppressioni
874 2809 1115 2890 contradicant,
1151 2808 1339 2898 denegatus
1369 2832 1484 2880 eorum

231 2917 410 2965 consensus
432 2897 559 2986 poterit
581 2919 602 2963 a
624 2919 752 2964 summo
775 2897 948 2980 Pontifice,
974 2898 1027 2966 vel
1050 2897 1084 2966 S.
1108 2897 1172 2966 OG.
1196 2897 1386 2988 suppleri.³)

230 3079 266 3172 ἓ.
295 3073 363 3158 26.
391 3077 455 3157 De
493 3075 734 3160 Collatione
759 3049 1102 3285 'quefieiorum
1138 3076 1321 3180 regulae
1356 3099 1484 3180 gene·

795 3225 819 3284 r
866 3225 924 3285 es.

323 3346 476 3434 Regulae
497 3347 670 3435 generales
693 3347 803 3438 quoad
825 3347 1036 3417 collationem
1058 3347 1295 3415 beneficiorum
1318 3353 1400 3415 sunt
1434 3372 1484 3416 se·

229 3441 390 3520 quantes:
415 3435 449 3522 1)
471 3437 639 3504 Beneficia
661 3442 794 3504 tantum
817 3437 975 3504 vacantia
998 3436 1143 3504 conferri
1165 3440 1317 3524 possunt.
1335 3437 1369 3522 2)
1396 3435 1483 3502 Tan·

228 3521 398 3590 tummodo
421 3524 561 3594 Clericis
583 3525 713 3595 idoneis
736 3531 771 3592 et
795 3523 1004 3614 dignioribus
1027 3524 1237 3593 conferenda.
1260 3523 1296 3610 3)
1337 3523 1482 3594 Collatio

228 3610 277 3678 ait
299 3611 465 3696 canoniea,
489 3613 669 3682 secundum
693 3633 844 3682 canones.

338 3794 373 3888 ξ.
401 3789 469 3874 27.
496 3793 561 3874 De
586 3792 738 3893 modis,
767 3791 928 3896 quibus
954 3791 1175 3876 Beneficia
1202 3792 1374 3874 vacant.

323 3936 491 4004 Beneficia
513 3943 636 4006 vacant
659 3939 714 4007 vel
734 3937 820 4027 jure,
844 3939 900 4007 vel
924 3937 1025 4021 facto,
1049 3937 1104 4006 vel
1128 3937 1169 4006 de
1189 3938 1265 4026 jure
1310 3937 1408 4006 simul
1447 3944 1483 4004 et

227 4025 327 4092 lacto.
351 4025 436 4092 Jure
459 4031 558 4093 vacat
581 4027 777 4094 beneficium
800 4027 890 4115 quod
912 4026 987 4116 quis
1021 4031 1115 4094 tenet
1160 4027 1284 4112 absque
1328 4025 1481 4114 legitimo

227 4113 339 4194 titulo,
363 4137 394 4179 v.
418 4136 451 4200 g.
464 4116 689 4204 temporarius
697 4114 968 4183 Administrator
978 4114 1170 4182 Parochiae.
1186 4113 1238 4180 Da
1250 4114 1342 4181 facto
1356 4120 1480 4195 autem,

228 4199 323 4287 cnjus
345 4202 483 4268 titulum
507 4205 581 4287 quis
605 4202 716 4284 habet,
742 4225 809 4268 non
833 4211 945 4270 tamen
966 4203 1219 4291 possessionem,
1244 4225 1277 4268 v.
1323 4224 1356 4289 g.
1381 4201 1482 4268 Paro·

228 4287 310 4355 chus
333 4311 396 4355 nou
421 4290 627 4358 installatus.
651 4292 702 4359 De
724 4291 799 4380 jure
823 4299 859 4359 et
880 4292 971 4358 facto
996 4295 1094 4359 vacat
1140 4288 1334 4359 beneficium
1382 4288 1480 4370 illud,

226 4427 432 4438 ——ae-

304 4469 311 4498 ¹
342 4465 370 4522 (l
389 4467 433 4522 43.
451 4469 495 4524 44.
517 4467 545 4524 C.
566 4467 608 4524 16.
628 4470 671 4526 91.

301 4537 659 4610 'Omssffima

302 4609 322 4678 ³)
341 4611 405 4667 Res.
435 4614 461 4667 S.
487 4611 514 4667 C.
545 4611 571 4666 C.
602 4614 630 4668 in
656 4612 738 4668 Firm.
768 4611 856 4668 Ereot.
887 4608 928 4668 18.
949 4609 1016 4680 Aug.
1039 4608 1117 4666 1787.
1138 4611 1224 4668 lirim.
1245 4627 1321 4682 susp.
1343 4623 1419 4666 onor.
1436 4609 1479 4664 29.

225 4681 355 4740 Decemh.
376 4683 453 4739 1788.
