3420 5358
294 579 360 624 non
384 577 463 623 exea
486 560 606 622 nerent
629 556 734 636 modo,
759 558 818 623 sed
842 559 942 624 etiam
965 556 1205 633 excederent‘,
1220 555 1341 624 Sancta
1365 561 1475 622 autem
1487 561 1541 624 est

295 645 441 732 cujusvis
464 578 667 712 donfessarii
691 644 853 730 obligatio
877 646 1030 734 spiritum
1056 645 1225 712 Canonum
1248 644 1541 731 poenitentialium

294 735 329 800 in
351 755 388 799 eo
412 733 598 812 ohservare,
622 740 662 798 ut
684 755 744 821 pro
768 734 998 819 magnitudine
1022 733 1227 812 delictorum,
1243 732 1541 821 gravioraquoqne

293 821 517 909 poenitentiae
542 842 649 906 opera,
675 827 743 886 tam
768 819 810 886 ad
832 822 997 888 cautelam
1020 821 1210 888 futurorum
1233 821 1417 908 imponant,
1441 822 1540 907 ipsis-

293 931 356 998 que
397 908 645 996 poenitentibus
668 908 905 975 confitentibus
929 911 1130 976 enunciant:
1155 907 1284 996 qualem
1305 908 1406 995 juxta
1438 908 1541 977 Cano·

293 1019 352 1062 nes
374 995 544 1063 Ecclesiae
569 995 773 1062 subeundam
792 997 952 1064 haberent
974 1016 1132 1084 poenam;
1157 996 1320 1084 imprimis
1365 1003 1488 1077 autem,
1513 1000 1542 1062 si

293 1084 367 1172 quis
391 1085 431 1151 ob
455 1085 585 1150 occulta
609 1089 743 1170 peccata
766 1084 801 1150 in
825 1107 963 1186 poenam
987 1084 1250 1171 irregularitatis
1274 1083 1328 1149 vel
1352 1084 1542 1171 suspensio-

294 1175 354 1253 nis,
378 1172 428 1237 vel
454 1171 802 1238 excommunicationis
825 1173 952 1254 incidit,
977 1172 1039 1240 hoc
1062 1171 1239 1240 confitenti
1272 1171 1542 1260 patefaciendum

293 1267 355 1327 est.
379 1259 419 1326 ld
443 1268 553 1328 monet
577 1261 676 1326 etiam
700 1259 928 1326 catechismus
951 1261 1122 1328 Romanus
1145 1260 1188 1325 ed
1210 1259 1302 1325 titul.
1331 1259 1390 1340 ,de
1424 1260 1543 1328 Poeni-

294 1347 419 1414 tentia‘
447 1347 499 1414 his
523 1347 657 1414 verbis:
684 1347 748 1428 ,Ut
773 1352 981 1436 poenitentes
1005 1371 1138 1415 suorum
1163 1347 1321 1414 scelerum
1334 1347 1542 1433 gravitatem

293 1435 400 1520 magis
425 1442 618 1522 agnoscant,
642 1456 761 1522 operae
785 1440 929 1524 pretium
953 1437 1018 1502 erit
1056 1437 1104 1502 eis
1127 1434 1295 1502 interdum
1339 1436 1540 1519 significare,

294 1546 378 1608 quae
400 1545 525 1611 poenae
543 1523 739 1612 quibusdam
764 1523 907 1605 delictis,
932 1547 973 1590 ex
996 1531 1147 1591 veterum
1170 1523 1339 1591 Canonum
1380 1524 1542 1610 praescri·

293 1617 372 1698 pto,
419 1611 478 1699 qui
522 1610 786 1678 Poenitentiales
830 1620 1003 1693 vocantur,
1050 1615 1253 1679 constitutae
1297 1610 1396 1677 sint‘
1443 1611 1542 1679 Unde

292 1704 397 1852 patet,
421 1699 508 1786 quod
532 1699 752 1768 confessariis
775 1699 925 1767 'Oenones
970 1699 1229 1789 poenitentiales
1273 1699 1429 1785 ignorare
1474 1721 1542 1766 non

307 1793 402 1854 meat.

362 2053 364 2060 ,
465 1962 501 2066 ξ.
533 1964 597 2044 75.
627 1963 802 2068 Species
829 1965 1019 2068 Operum
1048 1965 1363 2048 Poenitentiae.

389 2107 531 2196 Operum
580 2110 778 2176 cenitentiae
801 2117 977 2196 praecepta
1000 2111 1034 2176 in
1060 2121 1127 2176 tres
1149 2110 1321 2196 generales
1345 2109 1470 2198 species
1495 2108 1543 2176 di·

294 2193 470 2262 viduatur:
496 2196 529 2282 l)
552 2132 593 2264 ln
618 2219 664 2280 ea,
689 2220 772 2286 quae
795 2198 1042 2265 communionis
1065 2198 1300 2265 Eucharistiae
1317 2197 1544 2286 privationem

294 2290 470 2370 spectaut3
494 2285 523 2350 is
547 2285 634 2352 enim
657 2295 709 2352 est
733 2286 935 2374 principalis,
960 2287 1130 2354 Canonum
1156 2289 1305 2375 spiritus,
1329 2308 1371 2352 ne
1417 2288 1469 2352 cui
1491 2286 1543 2352 in-

299 2371 400 2458 digno
424 2394 518 2439 sacra
542 2373 755 2440 Eucharistia
778 2374 986 2459 praebeatur,
1010 2380 1045 2441 et
1068 2373 1139 2441 ideo
1173 2381 1250 2463 post
1294 2373 1541 2441 absolutionem

292 2459 558 2526 Communionem
585 2461 710 2528 diutius
735 2461 959 2543 differendam,
983 2462 1151 2532 interdum
1174 2485 1278 2550 usque
1302 2461 1467 2528 adfinem
1491 2462 1542 2527 vi·

292 2554 357 2628 tae,
381 2549 600 2636 praecipiunt,
625 2571 768 2639 cousque
791 2551 927 2630 scilicet,
954 2551 1056 2617 donec
1079 2573 1119 2618 ex
1144 2548 1541 2618 renovandisConfessio·

292 2635 390 2703 nibus
413 2636 642 2703 confessarius
665 2647 776 2706 certus
799 2644 897 2720 esset,
920 2642 1143 2727 poenitentem
1168 2633 1286 2724 dig'nos
1308 2638 1426 2704 fecisse
1459 2659 1541 2790 poe·

292 2723 454 2790 nitentiae
477 2724 618 2806 fructus
643 2749 785 2815 vereque
809 2747 1003 2793 conversum
1027 2749 1107 2807 esse,
1137 2726 1259 2808 ,nolite
1281 2731 1435 2792 sanctum
1482 2747 1542 2792 are

293 2812 438 2892 canibus,
464 2835 568 2900 neque
592 2818 793 2900 margaritas
815 2815 977 2902 projicere
1000 2823 1078 2882 ante
1101 2821 1247 2904 porcoa.‘
1275 2814 1309 2900 2)
1332 2814 1374 2880 In
1390 2835 1439 2894 ea,
1453 2835 1542 2901 quae

289 2898 427 2985 jejunia,
452 2908 487 2965 et
510 2901 654 2967 ciborum
679 2903 902 2972 abstinentias
925 2903 1117 2990 respiciunt.
1142 2902 1177 2989 3)
1200 2902 1242 2968 In
1265 2925 1313 2983 ea,
1337 2923 1422 2986 quae
1467 2923 1543 2988 pre·

292 3008 345 3052 ces
368 2987 511 3072 siugulis
534 2988 650 3056 diebus
673 2991 871 3072 recitandas,
895 2990 977 3056 item
1000 3014 1099 3079 opera
1123 2989 1300 3057 charitatis
1334 2997 1370 3056 et
1402 2989 1541 3056 eleemo-

292 3097 395 3162 synas
410 3074 573 3144 adtinent.

274 3255 325 3374 5.
357 3253 422 3335 76.
443 3253 677 3357 Speciatim
704 3257 896 3338 notanda
910 3256 964 3336 dc
978 3254 1248 3359 poenitentia
1258 3254 1542 3336 clericorum.

388 3399 484 3466 Circa
508 3403 743 3486 poenitentiam
768 3402 969 3469 Clericorum
998 3402 1167 3467 tria.sunt
1212 3399 1386 3487 speciatim
1431 3400 1542 3467 obser·

292 3486 417 3553 vanda:
443 3489 477 3578 1)
501 3488 609 3557 Juxta
629 3491 828 3558 Canonicam
871 3490 1042 3557 Ecclesiae
1088 3487 1270 3554 Orientalis
1317 3487 1539 3576 disciplinam,

291 3573 564 3644 Confessarius'a
584 3579 711 3647 Glerico
735 3577 887 3646 confiteri
932 3577 1065 3643 volente
1109 3576 1358 3664 promissionem
1404 3575 1542 3665 praevie

291 3665 424 3752 exigere
448 3665 589 3732 debebat
612 3668 653 3732 ab
677 3666 795 3733 Officio
841 3675 1055 3748 cessaturum,
1079 3665 1108 3731 si
1131 3665 1270 3730 crimina
1313 3663 1540 3745 confiteretur,

291 3774 350 3837 pro
373 3755 493 3842 quibus
516 3754 666 3824 Oenones
690 3755 928 3842 depositionem
951 3761 1011 3820 aut
1039 3752 1286 3840 suspensionem
1309 3751 1479 3838 dictant.¹)
1503 3753 1540 3841 2)

291 3841 455 3909 Clericum
476 3849 614 3932 propter
636 3845 759 3910 crimen
777 3844 825 3909 sic
847 3849 975 3909 secreto
999 3843 1034 3908 in
1072 3841 1295 3908 Confessionis
1340 3840 1541 3908 auricularis

290 3931 451 3996 tribunali
474 3931 671 4019 depositum,
696 3937 755 3996 aut
789 3953 995 4019 suspensum,
1042 3928 1267 3996 communione
1313 3927 1541 3996 ecclesiastica

292 4041 354 4084 non
378 4020 514 4106 privari,
539 4041 643 4107 poena
666 4020 776 4107 priore
796 4019 894 4106 juxta
917 4019 1067 4088 Oenones
1092 4017 1220 4084 crimini
1267 4016 1464 4083 sufficiente.
1505 4017 1540 4106 3)

291 4106 326 4173 Si
350 4107 470 4174 Clerici
494 4109 663 4193 conjugati
687 4105 895 4174 resciverunt
917 4129 1037 4173 uxores
1061 4128 1137 4172 suas
1169 4103 1335 4171 adulterio
1381 4104 1540 4192 pollutas,

291 4216 346 4260 eas
370 4194 539 4262 dimittere
562 4201 730 4276 tenentur,
755 4197 782 4260 si
806 4201 917 4260 autem
941 4195 983 4260 iis
1006 4193 1217 4282 postmodum
1239 4214 1378 4280 quoque,
1403 4193 1456 4259 vel
1482 4192 1539 4260 ha·

290 4283 407 4350 bentes
429 4306 549 4350 uxores
572 4283 647 4350 aliis
671 4285 953 4364 commisceantur,
977 4284 1018 4348 ab
1042 4280 1540 4364 officioecclesiasticocessare,

290 4394 385 4440 secus
409 4372 629 4438 absolutionis
652 4394 788 4460 capaces
811 4394 877 4437 non
901 4376 990 4436 sunt.

388 4460 484 4543 Quod
508 4460 698 4527 hodiernam
712 4460 919 4549 disciplinam
937 4459 1115 4541 concernit,
1128 4458 1232 4524 refert
1245 4457 1403 4536 Morinus,
1422 4455 1541 4521 Archi·

290 4548 490 4636 Episcopum
515 4549 847 4636 Trapaesuntensem,
872 4548 948 4614 dum
972 4548 1111 4613 Parisiis
1135 4547 1336 4626 morabatur,
1355 4545 1541 4631 interroga-

292 4689 497 4696 ...-.---——

366 4728 384 4799 ¹)
405 4725 569 4785 constitutio
588 4724 704 4782 Joannis
723 4723 892 4796 Jejunatcris
912 4723 1212 4796 constantinopolitani
1239 4721 1424 4779 Patriarchae.
