3468 5368
875 337 997 410 20Ι

832 439 932 448 n-——-
942 441 974 446 --
997 441 1001 448 a

276 563 462 633 Clementia
484 564 496 628 i
521 585 590 630 sam
614 563 857 651 optatissimam
880 563 1125 632 sanctissimam
1148 584 1190 631 ue
1222 563 1378 632 unionem
1411 583 1526 630 conse-

278 651 349 721 cuti
371 654 460 717 sunt.
486 587 570 733 (luis
592 650 700 738 igitur
721 652 840 739 dignas
853 652 1101 740 Omnipotantis
1169 649 1382 718 eibeneficiis
1394 649 1525 736 gratias

274 740 400 808 rsiarre
424 736 598 805 sufficiat?
621 737 705 821 Quis
728 744 844 808 tantae
867 738 1001 806 divinae
1031 738 1253 806 miserationis
1288 737 1423 807 divitias
1459 759 1525 805 non

275 826 516 929 obstupescat?
538 825 643 914 Cujus
666 825 720 892 vel
741 826 885 894 ferreum
907 832 1024 915 pectus
1059 832 1157 893 tanta
1186 845 1353 915 ¹supernae
1383 824 1525 913 pietatis

274 914 471 1003 magnrtudo
495 936 561 981 non
584 913 742 981 molliat?
762 913 849 982 Sunt
872 916 939 981 ista
961 937 1098 1004 prorsus
1144 912 1258 983 divina
1302 935 1412 1002 opera,
1457 935 1525 981 uon
1590 948 1594 960 ·

272 1003 435 1070 humanae
457 1001 658 1088 fragilitatis
680 1004 829 1082 inventa,
854 1007 954 1092 atque
977 1002 1052 1069 ideo
1076 1001 1196 1068 eximia
1218 1024 1292 1069 cum
1306 1002 1523 1068 veneratione

272 1089 495 1179 suscipienda,
521 1101 552 1157 et
575 1089 700 1158 divinis
724 1090 879 1158 laudibus
904 1090 1141 1180 prosequenda.
1166 1089 1243 1157 Tibi
1267 1089 1351 1171 laus,
1376 1089 1440 1156 tibi
1452 1089 1523 1177 glo-

271 1179 333 1260 ria,
358 1178 422 1245 tibi
445 1178 754 1264 gratiarumactio,
778 1178 922 1264 Christe,
947 1185 1017 1246 lons
1042 1178 1352 1259 misericordiarum,
1377 1177 1434 1266 qui
1451 1186 1523 1245 tan·

271 1277 345 1333 tum
367 1267 445 1332 boni
470 1288 610 1354 sponsae
633 1270 713 1334 tuae
737 1266 932 1334 Catholicae
955 1265 1125 1334 Ecclesiae
1156 1265 1341 1346 contulisti,
1366 1281 1463 1354 arque
1485 1266 1522 1332 in

272 1354 490 1442 generatione
514 1360 628 1422 nostra
651 1360 731 1422 tuae
754 1355 895 1443 piatatis
918 1355 1079 1422 miracula
1102 1354 1350 1435 demonstrasti,
1373 1361 1413 1421 ut
1429 1375 1522 1421 enar·

271 1451 348 1510 rent
370 1465 482 1509 omnes
506 1441 671 1510 mirabilia
693 1447 765 1511 tua.
788 1443 951 1529 Magnum
973 1441 1138 1532 siquidem
1161 1442 1377 1531 divinumque
1400 1463 1520 1508 munus

272 1531 369 1597 nobis
392 1531 484 1597 Deus
503 1530 648 1618 largitus
671 1537 744 1597 est:
768 1531 873 1598 oculis
897 1530 1057 1613 videmus,
1082 1530 1171 1619 quod
1204 1536 1282 1598 anta
1314 1553 1374 1598 uos
1410 1529 1519 1611 multi,

271 1640 344 1684 cum
368 1618 467 1684 valde
491 1619 658 1705 cupierint
680 1618 838 1708 aspicere,
863 1619 1097 1708 nequiverunt.

366 1705 610 1774 convenientes
634 1707 734 1774 etiam
757 1706 874 1774 Latini
898 1715 932 1774 et
977 1707 1098 1776 Graeci
1135 1705 1170 1773 in
1205 1705 1267 1774 hac
1304 1709 1519 1776 sacrosancta

270 1795 478 1860 oecumenica
501 1794 647 1880 Synodo,
671 1817 790 1882 magno
814 1795 927 1863 studio
950 1796 1092 1862 invicem
1115 1794 1168 1861 usi
1192 1801 1279 1876 sunt,
1304 1794 1519 1882 utinteralia

269 1881 370 1949 etiam
393 1882 556 1949 articulus
579 1881 638 1950 ille
662 1883 702 1949 de
726 1883 841 1951 divina
864 1883 1014 1986 Spiritus
1038 1884 1152 1950 Sancti
1171 1883 1380 1971 processione
1391 1905 1521 1950 summa

269 1992 342 2042 cum
366 1968 541 2056 diligentia
566 1975 601 2037 et
623 1970 758 2038 assidua
780 1971 999 2060 inquisitione
1012 1971 1247 2039 discuteretur.
1272 1971 1421 2038 Prolatis
1437 1992 1517 2038 varo

267 2057 471 2125 testimoniis
495 2081 536 2126 ex
559 2057 685 2125 divinis
709 2059 896 2148 scripturis,
920 2059 1139 2147 plurimisque
1163 2058 1425 2126 auctoritatibus
1442 2080 1516 2124 san·

268 2151 395 2212 ctorum
418 2145 590 2214 doctorum
613 2147 826 2215 orientalium
851 2161 880 2214 et
905 2147 1177 2230 occidentalium;
1203 2146 1368 2235 aliquibus
1383 2145 1517 2236 quidem

267 2255 308 2299 ex
329 2233 432 2300 Patre
456 2241 490 2301 et
512 2234 612 2316 Filio,
636 2236 834 2325 quibusdam
858 2257 936 2303 varo
961 2258 1002 2302 ex
1024 2236 1125 2302 Patre
1134 2257 1193 2323 per
1201 2233 1327 2302 Filium
1336 2234 1515 2324 procedere

268 2320 457 2389 dicentibus
481 2322 644 2410 Spiritum
668 2323 838 2405 Sanctum,
864 2330 898 2391 et
920 2324 963 2390 ad
987 2347 1059 2391 eam
1082 2323 1342 2409 intelligentiam
1355 2323 1517 2412 aspician-

266 2409 357 2476 tibus
382 2410 532 2476 omuibus
556 2412 617 2478 sub
641 2411 784 2478 diversis
809 2411 992 2496 vocabulis3
1015 2411 1516 2499 Graeciquidemassaruerunt,

266 2498 411 2585 quodid
436 2498 523 2586 quod
546 2498 663 2566 dicunt
687 2501 850 2588 Spiritum
874 2501 1033 2567 Sanctum
1057 2522 1098 2566 ex
1119 2498 1223 2567 Patre
1238 2498 1425 2588 procedere,
1450 2521 1517 2564 nou

265 2585 327 2653 hac
350 2593 460 2654 menta
483 2587 660 2676 proferunt
682 2596 722 2654 ut
745 2587 926 2655 excludant
948 2587 1084 2669 Filium,
1108 2586 1167 2654 sed
1189 2587 1518 2675 quiaeisvidebatur

265 2678 304 2740 ut
327 2674 434 2755 aiunt,
459 2673 598 2742 Latinos
621 2697 770 2744 asserere
792 2677 958 2764 Spiritum
981 2675 1141 2744 Sanctum
1164 2697 1205 2742 ex
1227 2675 1330 2743 Patre
1368 2675 1403 2742 et
1424 2673 1513 2742 Filio

264 2762 441 2863 procedere
464 2770 631 2851 tamquam
655 2786 695 2832 ex
718 2765 845 2832 duobus
870 2763 1043 2852 principiis
1067 2771 1102 2831 et
1116 2764 1244 2830 duabus
1261 2763 1515 2853 spirationibus,

263 2847 338 2916 1dec
361 2851 597 2917 abstinuerunt
620 2874 640 2916 a
663 2852 810 2934 dicendo,
834 2852 923 2940 quod
968 2852 1116 2940 Spiritus
1162 2851 1308 2920 Sanctus
1344 2875 1393 2918 exv
1410 2852 1515 2918 Patre

263 2936 421 3091 procedat
444 2947 479 3005 et
501 2938 598 3004 Filio.
624 2939 737 3006 Latini
760 2963 838 3006 vero
872 2948 1096 3020 asseruerunt,
1135 2962 1199 3006 non
1234 2963 1275 3007 se·
1306 2941 1367 3006 hac
1404 2945 1515 3006 mente

286 3024 373 3093 icere
396 3026 559 3115 Spiritum
583 3027 742 3094 Sanctum
766 3051 807 3094 ax
829 3029 931 3096 Patre
954 3027 1108 3117 Filioque
1131 3028 1319 3116 procedere,
1342 3033 1382 3094 ut
1405 3027 1515 3094 exclu-

264 3114 345 3180 dant
367 3113 511 3194 Patrem,
536 3115 617 3202 quin
640 3116 687 3182 sit
710 3116 784 3184 fons
808 3123 842 3184 et
879 3115 1077 3219 principium
1110 3116 1216 3183 totius
1249 3116 1398 3196 deitatis,
1432 3114 1514 3182 Filii

263 3201 392 3269 scilicet
415 3211 449 3269 et
472 3202 620 3305 Spiritus
643 3203 775 3290 Sancti;
801 3210 861 3271 aut
885 3205 930 3286 1d,
955 3204 1044 3293 quod
1066 3204 1215 3294 Spiritus
1257 3203 1406 3272 Sanctus
1442 3226 1513 3291 pro-

262 3290 351 3358 cedit
374 3313 414 3356 ex
436 3291 534 3370 Filro,
559 3291 667 3356 Filius
691 3314 710 3357 a
732 3293 835 3360 Patre
860 3315 924 3358 non
948 3293 1079 3374 hebeat,
1103 3292 1175 3358 sive
1198 3291 1288 3382 quod
1311 3293 1513 3381 duoponant

262 3401 332 3446 esse
355 3378 529 3467 principia,
548 3401 606 3446 sau
629 3379 711 3446 duas
734 3381 945 3469 spirationes,
970 3380 1029 3448 sed
1060 3403 1163 3448 unum
1196 3386 1329 3448 tantum
1352 3387 1512 3447 asserant

261 3489 333 3534 essa
355 3467 565 3556 principium,
589 3467 785 3557 unicamque
808 3468 1024 3557 spirationem
1060 3467 1207 3556 Spiritus
1241 3468 1367 3548 Sancti,
1404 3473 1510 3556 prout
1575 3509 1577 3521 ·

250 3555 421 3642 'hactenus
444 3561 668 3622 asseruerunt.
693 3556 836 3624 Etcum
860 3579 901 3624 ex
924 3556 976 3623 his
1000 3557 1152 3624 omnibus
1175 3581 1262 3625 unus
1285 3564 1320 3624 et
1336 3555 1426 3623 idem
1449 3555 1508 3623 eli-

260 3649 370 3710 ciatur
394 3643 548 3710 veritatis
571 3666 696 3724 sensus,
723 3644 857 3732 tandem
881 3647 916 3710 in
939 3645 1200 3734 infrascriptam
1223 3649 1374 3712 sanctam
1390 3653 1424 3711 et
1438 3644 1510 3724 Deo

260 3731 445 3820 amabilem,
470 3731 584 3799 eodem
607 3754 707 3798 sensu
730 3734 908 3822 eademque
932 3741 1042 3801 mente
1060 3736 1215 3801 unionem
1224 3733 1426 3800 unanimiter
1437 3755 1511 3800 con-

260 3819 442 3887 cordarunt
465 3826 500 3887 et
522 3828 770 3888 consenserunt.
1443 3877 1449 3895 .

354 3908 396 3976 In
419 3909 555 3976 nomine
573 3908 680 3995 igitur
703 3909 846 3977 Sanctae
874 3908 1080 3977 Trinitatis:
1118 3907 1241 3992 Patris,
1277 3913 1311 3976 ct
1342 3907 1434 3990 Filii,
1474 3914 1510 3977 et

259 3992 407 4083 Spiritus
431 3996 556 4077 Sancti,
580 3997 641 4064 hoc
664 4020 757 4065 sacro
773 3996 1508 4090 approbanteuniversaliFlorentiuo'Oonci-

259 4079 305 4149 lio
329 4083 513 4166 definimus,
538 4094 577 4152 ut
599 4085 680 4152 haec
703 4086 781 4152 fidei
794 4086 920 4152 veritas
930 4087 971 4152 ab
985 4086 1137 4154 omuibus
1147 4085 1341 4152 christianis
1351 4085 1520 4152 credatur.

259 4176 293 4236 et
318 4172 531 4261 suscipiatur,
557 4175 670 4262 sicque
694 4195 805 4240 omnes
837 4174 1081 4262 profiteantur:

355 4259 453 4344 Quod
475 4260 623 4350 Spiritus
646 4261 789 4330 Sanctus
813 4285 854 4330 ex
876 4261 976 4330 Patre
1000 4269 1035 4330 et
1066 4262 1156 4329 Filio
1192 4261 1410 4331 aeternaliter
1442 4265 1508 4343 est,

145 4421 147 4426 ¹
259 4351 294 4414 st
316 4349 494 4415 essentiam
518 4373 611 4416 suam
636 4373 797 4439 suumque
819 4373 892 4418 esse
915 4351 1102 4418 subsistens
1119 4353 1221 4418 habet
1231 4374 1272 4419 ex
1284 4349 1398 4432 Patre,
1408 4350 1512 4417 simul

258 4439 294 4502 et
314 4435 413 4516 Filio,
438 4441 473 4503 et
495 4460 536 4504 ex
558 4444 699 4527 utroque
722 4439 941 4506 aeternaliter
964 4448 1132 4528 tamquam
1154 4441 1195 4506 ab
1219 4463 1285 4506 uno
1298 4439 1461 4528 principio
1474 4444 1511 4506 et

256 4524 355 4592 unica
379 4524 562 4613 spiratione
584 4527 745 4613 procedit.
770 4526 997 4608 Declarantes,
1045 4527 1109 4594 uod
1132 4526 1168 4593 id
1201 4528 1289 4617 quod
1319 4526 1427 4594 sancti
1452 4526 1509 4593 do·

257 4617 366 4682 ctores
390 4619 424 4679 et
446 4613 567 4680 Patres
591 4615 717 4697 dicunt,
735 4637 776 4682 cx
798 4615 901 4682 Patre
924 4637 984 4704 per
1036 4617 1130 4696 ilium
1153 4616 1331 4704 procedere
1343 4615 1508 4704 Spiritum

257 4701 427 4783 Sanctum,
452 4699 494 4767 ad
517 4701 601 4769 hanc
624 4701 883 4791 intelligentiam
907 4702 1028 4785 tendit,
1053 4711 1093 4772 ut
1115 4726 1175 4793 per
1196 4704 1259 4772 hoc
1285 4703 1507 4791 significetur,
