3420 5358
999 429 1064 495 258

927 525 1133 532 -———-——-

409 651 567 718 dirimens
589 647 787 715 matrimonii
811 671 876 713 non
907 650 1093 729 constituat,
1118 657 1154 716 et
1176 649 1292 734 negari
1322 648 1441 733 nequit
1463 653 1568 737 prima
1590 649 1639 716 Ec·

409 740 527 806 clasiae
550 737 761 806 Christianae
784 740 895 802 aetate
918 736 1129 802 matrimonia
1163 736 1253 802 inter
1290 736 1493 802 christianos
1517 743 1552 803 et
1576 760 1639 802 non·

410 826 610 894 christianos
655 824 740 889 inita
763 823 877 889 fuisse.
907 823 940 890 S.
976 824 1130 904 Caecilia,
1177 824 1293 912 nupsit
1344 821 1522 890 Valeriano
1546 825 1639 890 adhuc

409 913 552 982 ethnico.
598 913 631 980 S.
665 912 795 978 Monica
831 919 937 977 mater
960 911 993 978 S.
1022 913 1215 998 Augustini,
1262 911 1392 998 pariter
1437 917 1544 1000 nupta
1581 919 1639 979 erat

408 1003 539 1068 ethnico
562 1000 718 1068 Patritio.
744 999 775 1066 S.
792 999 957 1079 Clctildis,
974 1000 1088 1086 nupsit
1100 1001 1202 1066 etiam
1215 999 1324 1067 adhuc
1339 1021 1472 1088 pagano
1485 1000 1638 1068 Clodoveo

408 1090 496 1176 Regi
518 1089 733 1167 Francorum,
758 1087 966 1174 primumque
988 1087 1213 1174 Imperatores
1245 1087 1422 1154 christiani
1446 1087 1638 1155 Valentinia-

408 1201 481 1257 nus,
506 1174 713 1242 Theodosius
736 1181 771 1242 et
793 1174 961 1241 Arcadius
995 1177 1069 1261 lege
1105 1175 1251 1330 positiva
1286 1174 1557 1242 Christianorum
1580 1199 1638 1244 cun

408 1264 549 1332 Judaeis
573 1263 818 1330 matrimonium
842 1265 903 1330 sub
927 1263 1063 1330 crimine
1085 1285 1105 1330 a
1129 1262 1242 1329 ulterii
1276 1263 1500 1330 rohibuerunt
1515 1264 1604 1351 (Leg.
1616 1263 1638 1328 6.

408 1353 487 1421 Cod.
524 1353 565 1419 de
594 1350 747 1430 (ludaeis)
793 1358 872 1417 sunt
919 1352 1020 1418 verba
1065 1351 1166 1436 legis:
1217 1285 1287 1431 ,1116
1319 1355 1393 1434 6616
1428 1351 1638 1418 Christianam

408 1441 578 1508 mulierem
600 1439 624 1506 J
627 1439 751 1505 udaeus
764 1439 926 1527 accipiat3
952 1462 992 1506 ne
1015 1438 1218 1506 ueJudaeaa
1232 1437 1447 1505 Christianus
1465 1440 1639 1526 conjugium

408 1532 579 1609 sortiatur,
625 1549 701 1592 nam
724 1527 753 1592 61
776 1529 850 1614 6616
895 1461 1022 1615 aliquid
1056 1526 1245 1608 hujusmodi
1279 1525 1462 1608 admiserit,
1499 1526 1640 1594 adulterii

408 1618 514 1684 vicem
537 1614 701 1683 commissi
725 1614 914 1700 hujusmodi
949 1615 1073 1682 crimen
1108 1615 1289 1682 obtinebit:
1322 1613 1483 1682 libertate
1506 1615 1541 1682 iu
1564 1637 1640 1682 accu-

408 1704 548 1772 sandum
562 1702 715 1792 'publicis
739 1723 868 1791 quoque
892 1704 1028 1770 vocibus
1051 1704 1231 1770 relaxata‘
1247 1701 1345 1772 Unde
1362 1703 1486 1770 sensim
1508 1702 1639 1770 invaluit

407 1793 443 1859 in
466 1792 617 1860 Ecclesia
641 1792 877 1858 consuetudine
896 1793 1120 1878 potiusquam
1144 1791 1219 1878 lege
1242 1789 1369 1878 scripta
1380 1791 1639 1879 impedimentum

407 1881 469 1948 hoc
493 1880 651 1946 dirimens
697 1878 907 1966 disparitatis
953 1879 1074 1962 cultus,
1121 1879 1208 1963 quod
1239 1899 1338 1945 sensu
1374 1879 1540 1946 strictiori
1567 1881 1641 1948 inter

408 1969 609 2035 christianos
633 1972 667 2034 et
689 1967 967 2048 nonchristianos,
992 1990 1051 2034 seu
1073 1968 1209 2056 quosvis
1221 1989 1286 2034 non
1306 1966 1498 2054 baptizatos
1515 1968 1640 2044 obtinet,

407 2064 508 2145 prout
530 2056 732 2123 Benedictus
760 2054 856 2122 XIV.
892 2054 1018 2138 (Coust.
1055 2056 1095 2122 de
1126 2055 1156 2122 6.
1180 2055 1279 2122 Febr.
1304 2053 1416 2142 1749.)
1439 2056 1641 2144 sequentibus

407 2146 553 2212 indicat:
581 2143 674 2226 ,Qua
696 2142 829 2230 quidem
851 2143 886 2208 in
908 2165 945 2208 re
968 2165 1080 2210 omnes
1095 2147 1119 2229 1)
1139 2145 1301 2225 sentiunt,
1322 2143 1363 2210 ob
1376 2144 1490 2211 cultus
1514 2141 1641 2232 dispari·

318 2261 321 2266 ·
407 2237 512 2300 tatem
536 2233 633 2298 irrita
657 2231 868 2297 matrimonia
891 2252 971 2312 esse,
1007 2255 1072 2298 non
1096 2232 1228 2320 quidem
1248 2231 1324 2319 jure
1363 2253 1532 2299 sacrorum
1549 2231 1641 2299 Cano·

408 2344 485 2387 num
509 2320 568 2386 sed
589 2319 738 2406 generali
776 2319 947 2385 Ecclesiae
971 2342 1068 2400 more,
1099 2321 1156 2405 qui
1193 2320 1345 2407 pluribus
1368 2321 1410 2386 ab
1434 2320 1511 2387 hina
1533 2317 1642 2386 seculis

407 2411 511 2496 viget,
536 2431 574 2475 ac
597 2409 665 2473 vim
698 2406 783 2492 legis
807 2407 973 2480 obtinet‘,
1013 2409 1087 2475 Hoc
1120 2409 1392 2496 impedimentum
1438 2408 1642 2475 enunciatum

407 2498 508 2564 etiam
531 2502 583 2564 est
606 2497 642 2561 in
665 2494 812 2563 Concilio
836 2493 1076 2562 Maronitarum
1100 2497 1140 2563 de
1168 2519 1256 2563 anno
1281 2497 1376 2564 1736.
1400 2498 1532 2564 verbis:
1557 2494 1642 2575 ,Cul-

406 2593 462 2652 tus
487 2584 675 2672 disparitas,
700 2585 793 2662 idest,
820 2583 1029 2649 matrimonia
1061 2584 1328 2652 Christianorum
1362 2607 1438 2652 cum
1460 2608 1525 2650 non
1546 2582 1642 2670 bapti-

407 2673 503 2754 zatis,
528 2674 599 2739 sive
622 2671 745 2738 Judaei
768 2671 847 2751 sint,
883 2671 954 2737 sive
983 2673 1135 2739 infideles
1181 2673 1406 2762 cujuscunque
1439 2679 1557 2752 sectae,
1580 2672 1642 2738 sive

407 2759 786 2828 611666661661666661.1
825 2759 1118 2827 Circumscribitur
1151 2768 1264 2828 autem
1295 2762 1358 2827 hoo
1380 2759 1641 2850 impedimentum

406 2871 427 2914 a
449 2849 629 2936 Theologls
675 2847 828 2935 sequenti
852 2847 963 2912 modo:
1010 2847 1131 2915 Cultus
1165 2872 1224 2915 seu
1265 2849 1440 2936 religionis
1475 2847 1643 2937 disparitas

405 2937 496 3003 inter
518 2936 707 3024 baptizatos
731 2940 765 3000 et
788 2957 853 3001 non
877 2935 1075 3021 baptizatos,
1110 2936 1212 3010 etiam
1243 2938 1507 3018 catechumenos,
1538 2935 1643 3020 quales

406 3029 484 3091 sunt
508 3024 641 3105 Judaei,
665 3023 802 3103 Torone,
827 3023 990 3101 Gentiles,
1027 3047 1067 3089 ex
1090 3026 1330 3092 consuetudine
1375 3025 1526 3113 legitime
1547 3025 1642 3089 iutro·

407 3112 507 3178 ducta
530 3119 565 3179 et
587 3114 629 3179 ab
652 3110 804 3178 Ecclesia
817 3111 1001 3198 approbata
1021 3115 1265 3180 matrimonium
1278 3113 1394 3183 irritat
1417 3115 1458 3180 ob
1472 3110 1643 3204 periculum

406 3201 638 3289 perversionis.
685 3201 800 3287 Atque
841 3201 903 3265 hoc
936 3200 1191 3287 intelligendum
1239 3203 1333 3268 modo
1364 3200 1406 3268 de
1441 3199 1642 3268 matrimonio

409 3289 654 3373 contrahendo;
679 3311 743 3354 non
767 3294 879 3354 autem
902 3290 1001 3354 etiam
1034 3289 1283 3372 1666666616,
1319 3289 1407 3378 6661
1442 3289 1570 3357 666166
1595 3307 1644 3353 va·

408 3377 511 3444 lidum
535 3383 596 3459 est,
620 3399 726 3466 neque
749 3374 920 3442 dirimitur
939 3374 1037 3464 juxta
1060 3377 1226 3444 Cononem
1260 3377 1363 3444 etiam
1386 3377 1643 3466 supracitatum

407 3466 603 3533 Trullanum
626 3468 653 3531 si
677 3486 755 3553 pars
778 3463 933 3547 infidelis,
958 3464 1065 3531 altera
1088 3465 1281 3533 Christiana
1299 3465 1392 3532 facta
1411 3488 1510 3554 porro
1523 3483 1645 3554 quoque

406 3554 437 3622 ei
459 3554 594 3644 pacifice
618 3552 809 3620 cohabitare
842 3551 936 3619 velit.

515 3641 701 3710 instructio
732 3640 913 3710 Austriaca
950 3640 1012 3708 hoc
1045 3641 1319 3730 impedimentum
1354 3641 1571 3730 sequentibus
1594 3660 1644 3704 ex·

429 3731 542 3798 rimit:

404 3755 427 3820 P
502 3819 597 3886 Inter
636 3818 836 3905 baptizatos,
872 3825 906 3885 et
934 3839 999 3898 666,
1030 3817 1087 3905 661
1118 3818 1381 3904 regenerationis
1404 3816 1646 3885 Sacramentum

406 3909 606 3997 (Baptisma)
631 3906 720 3972 haud
741 3909 969 3994 susceperunt,
994 3906 1242 3976 matrimonium
1279 3906 1462 3973 consistere
1485 3904 1605 3993 nequit.

502 3995 610 4062 Juxta
633 3995 695 4062 hoo
729 4015 808 4081 crgo
842 3993 1113 4081 impedimentum
1147 3993 1357 4083 disparitatis
1391 3994 1502 4062 cultus
1526 3990 1648 4058 nullum

405 4088 458 4154 est
481 4084 722 4151 matrimonium
746 4086 780 4166 a)
804 4083 891 4170 quod
928 4081 1123 4149 Catholicus
1157 4105 1229 4150 cum
1262 4082 1404 4164 Judaeo,
1440 4081 1556 4160 Turoa,
1590 4085 1650 4144 aut

404 4171 540 4258 Pagano
563 4173 681 4256 iniret3
707 4174 739 4256 b)
762 4169 850 4258 6661
873 4169 1103 4238 schismaticus
1118 4171 1342 4252 Christianus,
1367 4178 1427 4238 aut
1452 4169 1648 4237 Protestans

405 4261 629 4349 cujuscunque
652 4259 879 4327 Confessionis
903 4257 1015 4323 valide
1050 4265 1162 4325 tamen
1197 4260 1388 4348 baptizatus
1412 4280 1486 4327 cum
1510 4254 1647 4334 Judaeo,

404 4348 523 4431 Turca,
558 4358 618 4414 aut
641 4347 781 4427 Gentili,
813 4351 872 4412 aut
915 4368 1109 4434 quocunque
1137 4369 1202 4414 non
1234 4348 1407 4434 baptizato
1432 4344 1649 4420 contraheret,

404 4436 550 4525 adeoque
573 4437 602 4502 si
625 4437 711 4503 tales
735 4434 899 4503 Catholici
922 4435 1049 4516 fierent,
1087 4457 1265 4502 consensus
1299 4434 1519 4504 renovatione
1540 4453 1649 4498 eorum

402 4524 651 4592 matrimonium
675 4522 818 4590 validari
841 4522 949 4590 debet.
973 4522 1055 4592 Cum
1079 4523 1488 4592 autemexistantSeotae
1511 4543 1548 4589 er
1568 4517 1649 4584 Pro

403 4613 617 4683 testantismo
640 4618 768 4694 666166,
791 4618 893 4701 prout
914 4617 994 4680 sunt
1028 4610 1206 4696 Sociniaui,
1242 4609 1402 4698 Unitarii,
1427 4610 1560 4700 aliique,
1582 4605 1650 4673 imo

479 4812 682 4884 1816611161
700 4809 745 4867 die
765 4811 823 4868 Ehe
842 4826 897 4884 pag
928 4809 989 4867 185.
