3464 5366
373 579 408 645 C.
432 577 484 644 85.
508 578 630 667 Episco
654 600 694 645 us
716 602 757 643 ne
781 579 846 645 reci
872 578 921 644 iat
942 577 1088 645 alienum
1122 577 1287 645 Clericum
1321 575 1393 644 sine
1416 578 1525 645 literis

278 665 569 747 commendatitiis,
591 600 948 733 vsidimissoriaiibus.

373 754 415 822 c:
433 753 485 820 86.
509 754 629 822 Clerici
653 753 807 834 usurarii,
832 753 860 820 81
885 775 950 821 888
973 755 1184 843 resipiscant,
1211 754 1430 844 deponantur.
1495 836 1496 842 ἵ

374 841 484 910 (887.
509 843 616 928 Leges
640 841 765 910 Civiles
789 841 829 907 de
852 841 1112 910 fabricatoribus
1135 841 1242 910 falsae
1271 848 1432 910 monetae.

373 929 408 997 C.
432 929 484 996 88.
509 929 576 1013 Qui
598 930 756 1011 retinent,
781 930 835 997 vel
858 929 1023 997 circulant
1044 930 1329 1019 pecuniaslalsas.

374 1017 410 1086 0.
434 1017 486 1084 89.
511 1019 578 1100 Qui
600 1019 778 1086 inveniunt
799 1018 1005 1086 thesauram.

374 1105 410 1171 0.
434 1105 486 1171 90.
510 1106 558 1172 Ut
582 1106 703 1173 Clerici
727 1105 949 1172 vadimonium
973 1114 1180 1174 assumentes
1217 1105 1458 1196 prohibeantur
1495 1127 1515 1170 8

278 1191 391 1273 naaria
415 1201 552 1282 excepto
576 1195 605 1260 si
628 1193 671 1260 ad
694 1194 953 1282 redemptionem
977 1194 1198 1283 captivorum.

373 1281 408 1349 O.
433 1281 484 1348 91.
510 1281 712 1349 Prohibetur
733 1281 870 1349 Clericis
893 1281 1047 1370 popinam
1086 1281 1178 1350 adire
1212 1287 1347 1372 praeter
1383 1279 1526 1346 necessi-

277 1373 382 1436 tatem
404 1369 440 1436 in
462 1369 592 1451 itinere,
616 1371 704 1437 sicut
728 1369 828 1436 etiam
847 1371 1002 1459 popinam
1046 1392 1190 1451 servare,
1237 1391 1304 1438 non
1349 1373 1463 1435 autem
1486 1367 1521 1433 in

277 1455 433 1534 arandam
456 1456 544 1524 dare.

373 1544 408 1613 C.
430 1545 482 1617 92.
505 1547 537 1612 A
561 1545 698 1613 demone
721 1541 845 1613 dbseasi
870 1569 910 1612 ne
933 1547 1017 1612 fiant
1041 1546 1174 1614 Clerici.

371 1633 407 1701 G.
432 1633 483 1699 93.
508 1633 583 1700 Non
607 1640 740 1700 tantum
763 1633 966 1701 Cleriaorum
989 1634 1062 1716 filii,
1086 1636 1145 1700 sed
1175 1633 1316 1700 eliorum
1352 1631 1455 1698 etiam
1493 1630 1523 1695 si

278 1719 371 1806 digni
393 1723 473 1804 sint,
497 1722 703 1810 recipiantur
725 1723 760 1788 in
783 1722 925 1803 Clernm.
951 1721 1265 1810 Solaillegitimitas
1279 1718 1442 1787 natalium
1458 1733 1523 1784 888

277 1806 431 1895 prohibet
454 1809 495 1875 ab
526 1808 716 1876 Ordinibus.

372 1897 408 1965 0.
433 1896 485 1964 94.
509 1897 584 1965 Non
608 1898 754 1986 corporis
778 1897 835 1964 sed
859 1895 1520 1986 881888881888888818888018818888,

278 1983 452 2052 dummodo
477 1984 626 2053 defectus
648 1986 829 2074 corporalia
853 2009 919 2052 non
942 1986 1022 2052 talis
1046 1986 1102 2068 sit,
1126 1993 1167 2053 ut
1200 1985 1342 2073 incapax
1388 1983 1434 2049 sit
1478 1982 1521 2048 ad

277 2072 455 2140 Clericales
478 2074 669 2140 functiones
692 2073 932 2159 absolvendas;
956 2074 1031 2141 ideo
1055 2074 1249 2141 monoculus
1273 2094 1345 2140 cum
1365 2070 1520 2140 8881888-

278 2159 396 2228 888188
419 2168 454 2229 88
478 2161 616 2228 claudus
639 2167 751 2251 potest
774 2161 848 2230 fieri
872 2162 1032 2230 Clericus.

372 2250 407 2316 Ο.
432 2249 483 2316 95.
509 2249 678 2330 Sacerdos,
702 2250 759 2334 qui
781 2248 933 2336 illegalee
956 2249 1102 2338 nuptias,
1127 2253 1521 2337 autpraematnrasante

278 2335 404 2403 ratum
427 2361 549 2404 annum
572 2338 695 2405 aetatis
717 2360 778 2426 pro
801 2339 884 2419 viro,
909 2343 944 2405 et
968 2338 1118 2405 lanum
1162 2359 1201 2404 ro
1223 2335 1368 2406 faemina
1380 2336 1526 2403 scienter

277 2424 457 2507 benedixit,
481 2426 690 2515 deponatur;
714 2426 743 2492 81
766 2432 878 2493 autem
901 2427 1027 2494 inscius
1057 2426 1093 2492 id
1138 2361 1229 2511 iecit,
1277 2446 1337 2514 pro
1382 2423 1525 2491 arbitrio

276 2513 434 2602 Episcopi
456 2517 625 2603 puniatur.
1046 2546 1048 2551 ·

372 2623 407 2691 C.
432 2623 484 2690 98.
508 2623 669 2691 Sacerdos
691 2623 847 2691 balneum
869 2645 1001 2691 sumena
1025 2623 1222 2713 prohibetur
1233 2645 1271 2690 eo
1280 2621 1335 2690 die
1346 2621 1524 2702 celebrere,

278 2715 311 2778 et
334 2717 412 2800 post
434 2734 564 2779 sacrum
587 2713 766 2797 balneare;
791 2711 946 2778 similiter
980 2711 1103 2779 Laicua
1136 2711 1382 2779 communicans
1415 2708 1527 2798 prohi-

276 2800 376 2867 betur
399 2822 501 2868 venae
526 2800 703 2868 sectionem
727 2800 846 2881 facere,
870 2806 1007 2890 excepto
1032 2799 1223 2868 discrimine
1246 2800 1348 2866 vitae.

372 2888 406 2956 C.
431 2888 482 2955 97.
507 2888 668 2957 Sacerdos
691 2886 815 2955 habena
838 2887 965 2956 fluxum
988 2888 1163 2976 sanguinis
1188 2887 1388 2968 edentibus,
1413 2885 1525 2976 prohi-

276 2975 375 3042 betur
404 2977 580 3044 celebrare.

373 3065 408 3133 C.
433 3066 485 3131 98.
510 3064 670 3133 Sacerdos
691 3069 887 3132 nocturnam
910 3061 1128 3152 pollutionem
1154 3085 1283 3153 passus,
1308 3062 1386 3131 'nisi
1408 3085 1527 3154 prove·

276 3150 348 3220 niat
372 3153 414 3220 ab
437 3153 570 3220 insidiis
594 3161 741 3234 satanae,
764 3174 830 3219 non
853 3151 1007 3220 celebret.

371 3240 407 3308 C.
433 3242 484 3307 99.
509 3240 670 3308 Sacerdos
693 3242 921 3309 celebraturus
944 3239 1113 3324 abstineat
1135 3241 1177 3308 ab
1199 3260 1315 3307 uxore.

353 3327 407 3395 ’0.
433 3328 505 3395 100.
530 3329 582 3398 Ν8
605 3329 725 3397 Clerici
748 3347 867 3396 uxores
890 3351 968 3396 sues
991 3329 1129 3418 pietatis
1152 3334 1331 3417 praetextu
1369 3325 1523 3416 abigant.

372 3415 407 3483 C.
433 3417 505 3484 101.
531 3417 567 3484 Si
590 3416 709 3505 conjux
733 3416 905 3505 conjugem
931 3417 1116 3485 deseruerit
1153 3418 1195 3483 ob
1240 3413 1523 3483 abominationem

275 3503 479 3591 nuptiarum,
503 3506 709 3573 anathemati
733 3505 946 3592 subjiciatur.

371 3592 407 3660 0.
433 3593 505 3659 102.
525 3594 647 3660 Mulier
669 3593 741 3661 8188
764 3600 925 3660 88888888
950 3591 1062 3659 mariti
1086 3591 1326 3660 continentiam
1350 3611 1475 3658 vovens
1489 3598 1527 3659 et
1582 3667 1587 3682 ι

276 3676 424 3747 debitum
448 3704 512 3746 non
537 3690 721 3768 praestans,
745 3689 880 3770 peccato
903 3682 1167 3749 incontinentiae
1198 3679 1311 3747 mariti
1333 3684 1522 3768 gravatum

276 3766 417 3834 maritus
440 3775 551 3836 autem
575 3771 616 3836 ab
640 3769 861 3858 imputatione
883 3775 1021 3859 propter
1057 3767 1334 3837 incontinentiam
1363 3767 1524 3836 immunis

275 3863 336 3921 est.
361 3856 436 3941 (hoc
459 3862 571 3923 tamen
593 3857 846 3925 tenendumnon
869 3859 945 3949 est).

371 3966 406 4034 O.
433 3967 504 4034 103.
529 3968 655 4036 Causas
678 3967 872 4036 clericorum
895 3975 930 4036 88
953 3968 1186 4036 8888888888
1210 3988 1322 4034 omnes
1334 3966 1524 4056 Episcopus

273 4051 410 4139 judicet,
435 4063 470 4122 et
492 4057 624 4122 nonnisi
647 4055 813 4145 Episcopo
836 4056 1037 4124 admittente
1061 4056 1186 4145 judicia
1209 4055 1373 4123 secularia
1387 4053 1522 4138 adeant,

275 4163 369 4209 88888
392 4165 452 4230 per
474 4143 676 4233 Episcopum
699 4145 876 4212 canonicae
898 4166 1023 4234 poenae
1051 4145 1284 4232 subjiciantur.

377 4230 413 4299 Ο.
439 4231 511 4298 104.
536 4232 657 4300 0188181
682 4233 810 4299 lusores
833 4233 862 4299 si
885 4255 951 4300 non
975 4233 1151 4315 desistant,
1190 4233 1410 4321 deponantur.

371 4339 405 4406 C.
432 4340 504 4408 105.
529 4341 726 4431 Quicunque
749 4343 854 4410 Presb
882 4347 934 4409 ter
957 4343 1056 4410 alteri
1079 4342 1203 4410 dixerit
1226 4363 1266 4408 ex
1289 4341 1352 4422 ira,
1384 4345 1423 4408 nt
1459 4342 1522 4408 888

298 4447 435 4512 aganus,
459 4428 604 4516 longiori
626 4435 774 4520 tempore
819 4367 1014 4499 cohibeatur
1036 4453 1056 4497 8
1079 4433 1205 4516 888818;
1230 4429 1260 4496 81
1297 4435 1409 4496 antem
1446 4430 1523 4516 quis

274 4449 459 4617 iiresbyter
480 4517 763 4608 blasphemaverit
785 4454 902 4603 licum,
926 4543 992 4588 uno
1027 4541 1112 4588 anna
1146 4519 1301 4610 privetur
1331 4515 1451 4600 officio,
1486 4525 1523 4584 et

272 4624 399 4688 Jejunro
423 4605 616 4692 castigetur.
641 4606 677 4675 si
702 4629 779 4676 vero
802 4607 910 4676 altera
932 4629 1061 4694 qnoque
1082 4608 1156 4676 vica
1179 4607 1217 4673 id
1250 4605 1461 4687 commiserit,
1486 4605 1523 4672 in

275 4697 470 4778 perpetuum
494 4693 689 4784 deponatur.
