3420 5358
857 347 923 414 260

784 441 988 454 —-.-—-.-..-..

260 674 295 766 ξ.
337 647 428 751 104.
469 669 679 751 Rationes
724 669 1037 773 prohibitionis
1081 671 1351 754 Matrimonii
1391 669 1504 752 inter

703 796 1062 898 consanguineos.
1104 826 1138 894 Α

355 963 569 1030 Matrimonia
592 963 681 1030 inter
716 964 980 1050 consanguineos
1011 963 1116 1052 justis
1139 964 1180 1032 de
1207 965 1318 1032 cauas
1363 958 1503 1030 'rohibita

259 1059 348 1134 sunt,
372 1059 407 1120 et
429 1074 514 1140 quae
537 1054 637 1118 certis
659 1054 692 1116 in
715 1051 874 1138 gradibus
898 1052 1177 1119 contraherentur
1206 1052 1315 1120 irrita'
1329 987 1503 1120 dleclarata.

259 1141 371 1208 Prima
393 1141 482 1206 ratio
504 1140 634 1228 petitur
656 1161 696 1205 ex
718 1140 908 1206 reverentia
943 1162 1027 1229 quae
1058 1141 1256 1230 parentibus
1279 1149 1313 1208 et
1336 1140 1414 1208 aliis
1437 1163 1504 1208 con·

259 1228 452 1316 sanguineis
476 1227 625 1294 debetur.
649 1227 771 1293 Altera
794 1249 835 1294 ex
857 1228 1005 1310 caritate,
1019 1251 1103 1313 quae
1125 1228 1409 1296 necessitudinum
1427 1228 1504 1296 mul-

258 1317 468 1404 tiplicatione
502 1315 606 1381 latius
641 1314 843 1382 diffunditur
877 1322 912 1382 et
950 1317 1192 1383 corroboratur.
1229 1317 1346 1384 Tertia
1371 1341 1411 1384 ex
1435 1340 1503 1384 con-

258 1405 480 1494 cupiscentiae
524 1403 773 1491 compressione,
820 1405 872 1470 cui
912 1403 1042 1470 frenum
1087 1404 1193 1472 laxari
1239 1405 1424 1487 videretur,
1477 1405 1503 1470 si

257 1493 506 1560 Matrimonium
539 1492 630 1557 inter
661 1491 740 1558 illas
773 1513 932 1579 personas
964 1493 1118 1560 contrahi
1141 1497 1265 1581 posset,
1303 1515 1387 1581 quas
1410 1492 1503 1560 simul

257 1581 411 1649 habitare
433 1585 467 1648 et
489 1579 680 1646 conversari
704 1601 836 1646 necesse
871 1583 961 1668 est.)
1063 1619 1065 1624 ·

412 1784 447 1878 ἓ.
479 1780 573 1863 105.
602 1780 666 1862 De
692 1780 1026 1883 propinquitate
1054 1784 1349 1885 cognatorum.

354 1927 430 2009 Quo
454 1925 709 2014 propinquiores
732 1930 813 1990 sunt
836 1929 970 2012 cognati
993 1925 1035 1992 ad
1064 1941 1267 1993 communem
1290 1927 1425 2000 Patrem
1448 1947 1503 1993 seu

257 2014 419 2102 stipitem,
442 2037 480 2080 eo
503 2013 755 2102 propinquiores
767 2012 857 2079 inter
879 2036 924 2095 se,
948 2027 979 2080 et
1003 2037 1067 2102 quo
1080 2015 1275 2081 remotiores
1297 2038 1317 2080 a
1341 2017 1502 2081 communi

256 2109 449 2190 generante,
473 2123 511 2167 eo
534 2103 728 2168 remotiores
752 2100 841 2166 inter
862 2123 922 2187 se;
948 2101 990 2168 ad
1012 2102 1100 2190 quod
1124 2101 1423 2184 determinandum,
1448 2105 1503 2169 sti·

256 2193 370 2281 piton,
394 2190 500 2257 lineas
524 2195 559 2255 et
581 2188 705 2276 gradus
739 2190 841 2277 probe
876 2212 1044 2256 secernere
1079 2194 1221 2278 oportet.
1266 2191 1332 2257 Per
1354 2192 1503 2278 stipitem

256 2278 464 2365 intelligitur
508 2300 650 2365 persona
695 2277 892 2364 (masculina
927 2279 980 2344 vel
1016 2279 1173 2366 feminea)
1212 2301 1318 2367 aqua
1343 2279 1502 2366 originem

258 2369 384 2434 ducunt
406 2365 469 2447 illi,
495 2388 632 2450 quorum
665 2364 855 2452 conjunctio
889 2365 1082 2453 inquiritur,
1121 2367 1229 2455 qualis
1252 2375 1304 2434 est
1327 2374 1433 2456 pater,
1458 2389 1503 2434 re·

256 2463 372 2544 spectu
395 2455 511 2521 fratris
535 2461 569 2521 et
589 2455 722 2535 sororis,
736 2475 828 2535 avus,
842 2462 995 2541 respectu
1008 2457 1137 2544 nepotis
1156 2461 1191 2521 et
1209 2455 1328 2544 neptis,
1347 2476 1503 2542 proavus,

255 2548 410 2632 respectu
432 2542 624 2634 pronepotis
648 2548 683 2608 et
706 2542 888 2630 proneptis,
920 2543 1056 2624 abavus,
1087 2549 1242 2631 respectu
1272 2543 1447 2631 abnepotis
1470 2551 1505 2610 et

255 2633 339 2700 abne
364 2632 420 2698 tis.
445 2631 549 2696 Linea
585 2635 638 2698 est
661 2629 814 2696 collectio
859 2653 1072 2717 personarum
1107 2633 1148 2697 ab
1173 2632 1286 2698 eodem
1310 2632 1427 2719 stipite
1452 2632 1503 2698 de-

255 2656 491 2788 scendentium.
539 2718 644 2786 Linea
675 2718 801 2807 triplex
829 2728 889 2798 est,
920 2719 1179 2801 ascendentium,
1220 2719 1502 2800 descendentium,

254 2815 363 2894 recta3
388 2806 648 2887 ascendentium,
673 2829 745 2874 cum
769 2830 788 2872 a
811 2829 952 2894 persona
998 2813 1155 2894 generata
1190 2807 1384 2874 ascenditur
1413 2815 1503 2875 recte

254 2897 297 2964 ad
319 2917 491 2984 personam
537 2905 763 2981 generantem,
803 2897 852 2960 uti
889 2900 995 2982 pater,
1042 2918 1134 2976 avus,
1180 2918 1336 2984 proavus,
1365 2897 1500 2976 abavus,

254 2993 395 3069 atavus;
420 2983 690 3051 descendentium
726 2987 847 3061 autem,
873 2981 950 3047 dum
982 2984 1237 3071 aprogenitore
1271 2984 1502 3072 generationes

254 3075 306 3140 vel
333 3094 491 3160 personae
514 3071 710 3159 progenitae
747 3077 974 3151 numerantur,
998 3081 1036 3137 ut
1060 3080 1140 3140 sunt
1163 3073 1234 3154 filii,
1259 3081 1407 3162 nepotes,
1430 3094 1502 3160 pro-

254 3171 400 3250 nepotes,
425 3159 620 3248 trinepotes.
661 3159 741 3226 Alia
767 3159 853 3226 linea
885 3165 1097 3248 nuncupatur
1142 3167 1344 3242 transversa,
1369 3159 1501 3226 collate-

252 3251 344 3327 ralia,
370 3248 513 3336 obliqua,
537 3271 596 3314 seu
617 3248 791 3328 indirecta,
815 3270 900 3336 quae
935 3255 987 3314 est
1026 3248 1105 3315 ordo
1128 3271 1344 3338 personarum
1369 3247 1502 3314 descen·

253 3339 400 3405 dentium
424 3335 556 3424 quidem
580 3337 621 3403 ab
645 3359 711 3402 uuo
745 3335 908 3402 communi
954 3336 1080 3424 stipite,
1119 3360 1198 3404 ase
1221 3343 1332 3404 tamen
1355 3335 1497 3404 invicem

252 3450 318 3494 non
335 3427 539 3512 genitarum,
586 3425 701 3513 quales
735 3431 814 3490 sunt
848 3424 981 3504 fratres,
1006 3446 1156 3510 sorores;
1180 3425 1359 3513 patrueles,
1385 3446 1501 3491 consc-

253 3515 339 3582 brini
363 3512 407 3580 ad
429 3536 465 3578 se
488 3512 629 3579 invicem
654 3511 779 3580 collati.
814 3512 888 3578 Ista
927 3511 1169 3579 collateralium
1193 3513 1280 3579 linea
1303 3533 1420 3580 rursus
1444 3511 1500 3579 du·

252 3603 412 3691 plorent,
437 3600 595 3688 aequalis,
619 3608 655 3667 et
678 3600 862 3690 inaequalis
910 3601 1073 3689 Aequalis
1096 3601 1186 3667 linea
1209 3600 1343 3682 dicitur,
1369 3600 1499 3685 quando

252 3689 488 3776 consanguinei
512 3689 698 3776 aequaliter
721 3689 893 3754 distenta
923 3689 1087 3754 communi
1122 3689 1248 3777 stipite,
1273 3689 1323 3755 ita
1347 3690 1411 3754 duc
1435 3689 1500 3754 fra-

250 3786 322 3847 trea
345 3783 426 3845 sunt
449 3777 483 3842 in
507 3776 596 3842 linea
619 3777 760 3864 aequali,
784 3782 925 3863 uterque
947 3778 1035 3842 enim
1059 3778 1187 3864 pariter
1199 3778 1305 3844 distat
1328 3799 1348 3842 a
1371 3778 1499 3866 stipite.

250 3865 452 3952 Inaequalis,
477 3864 548 3931 sive
572 3865 676 3930 mixta
689 3865 777 3932 linea
794 3871 904 3931 autem
918 3869 980 3945 est,
999 3887 1072 3931 cum
1094 3865 1182 3932 alter
1194 3888 1233 3932 ex
1245 3866 1499 3951 consanguineis

251 3957 369 4043 magia,
393 3953 481 4020 alter
504 3953 613 4018 minus
636 3960 784 4020 remotus
808 3957 860 4019 est
882 3974 902 4017 a
926 3952 1089 4019 communi
1112 3953 1239 4042 stipite,
1264 3954 1314 4019 ita
1337 3953 1443 4020 frater
1466 3951 1499 4020 et

251 4043 369 4110 fratris
392 4042 482 4108 filius
506 4047 586 4107 sunt
609 4041 644 4106 in
668 4042 755 4108 linea
777 4041 956 4129 inaequali,
975 4040 1175 4128 quiairater
1197 4041 1305 4108 distat
1327 4063 1347 4106 a
1370 4041 1497 4128 stipite,

249 4139 347 4221 patre
369 4131 496 4198 stilicet
519 4132 636 4211 minus,
667 4152 765 4218 quam
803 4129 921 4196 fratris
956 4129 1056 4194 filius.
1087 4129 1192 4196 Linea
1223 4130 1345 4196 iterum
1369 4137 1421 4195 est
1443 4151 1499 4217 pa·

249 4231 357 4300 terna,
393 4217 489 4307 cujus
529 4224 631 4307 caput
663 4224 716 4285 est
746 4223 852 4306 pater,
884 4217 950 4282 alia
986 4223 1145 4299 materna,
1180 4217 1274 4308 cujus
1309 4223 1410 4305 caput
1447 4224 1499 4284 est

251 4314 366 4376 mater.
391 4306 525 4375 Gradus
549 4307 689 4394 denique
709 4307 808 4393 juxta
831 4306 1008 4373 concilium
1031 4305 1276 4373 Maronitarum
1295 4305 1390 4371 1736.
1416 4305 1498 4372 cele-

249 4399 455 4477 bratum,est
466 4395 695 4481 generationis
707 4417 914 4483 progressus,
924 4393 1167 4461 sivedistantia
1176 4395 1496 4480 consanguineorum

248 4488 339 4554 inter
362 4507 398 4552 sc
419 4505 604 4572 perunum
637 4485 866 4572 generationis
894 4503 1119 4572 progressum.
1152 4483 1325 4551 Dicuntur
1361 4481 1497 4570 gradus,

249 4646 454 4656 ——-.—.-.-

323 4709 343 4782 ¹)
362 4711 390 4766 S.
410 4708 531 4764 Thomas
550 4706 672 4763 secunda
689 4680 832 4764 secundae
852 4705 964 4774 Quaest.
994 4703 1036 4760 15.
1056 4705 1113 4762 Art.
1134 4704 1167 4761 9..
