3464 5366
857 317 921 384 118

783 413 987 422 0———.——

259 539 455 606 Tridentino
479 541 546 605 toti
571 539 692 604 mundo
717 538 884 622 declarata
908 546 968 620 est,
993 561 1126 608 sensum
1150 561 1246 606 suum
1268 538 1377 628 quoad
1419 561 1507 606 erro·

258 649 311 694 res
335 625 610 695 Calvinianorum
632 625 668 692 in
691 627 906 716 sequentibus
942 628 1172 695 enunciarunt.

354 736 510 824 Synodus
533 735 741 804 dassinensis
764 737 841 824 Cap.
866 737 953 804 IX.:
979 737 1152 806 Credimus
1176 739 1334 804 neminem
1359 738 1508 804 sinefide

258 823 402 910 salvari;
426 825 525 892 fidem
548 830 661 892 autem
684 824 892 927 appellamus
914 827 1142 908 rectissimam,
1167 826 1309 913 quaein
1334 826 1431 893 nobis
1454 833 1509 894 est

201 961 204 966 <
258 913 299 980 de
321 911 402 993 Deo,
425 913 590 1001 rebusque
612 913 737 980 divims
760 914 1016 1001 persuasionem,
1041 936 1124 998 quae
1147 913 1279 1002 quidem
1294 935 1509 1004 operansper

259 1001 466 1081 charitatem,
491 1000 581 1068 idest
628 1023 663 1066 er
686 1001 874 1068 diuinorum
899 1002 1131 1069 mandatorum
1155 1002 1430 1083 observationem,
1447 1003 1507 1091 ¹ju·

257 1089 385 1157 stificat
406 1111 469 1156 nos
492 1110 551 1176 per
574 1023 756 1171 Ciristum,
781 1092 938 1179 sineque
961 1090 1166 1180 impossibile
1198 1096 1250 1158 est
1272 1091 1402 1180 placere
1424 1090 1507 1158 Deo.

354 1199 471 1288 Capite
494 1198 616 1266 XHL:
641 1199 814 1267 Credimus
837 1222 904 1266 non
927 1199 1000 1266 sola
1022 1201 1097 1283 fide,
1122 1200 1179 1268 sed
1204 1223 1242 1267 ea
1264 1204 1406 1282 tantum,
1420 1223 1507 1290 quae

257 1309 317 1376 per
339 1287 537 1354 charitatem
563 1292 729 1375 operatur,
754 1287 843 1354 idest
866 1288 932 1354 fide
956 1294 992 1355 at
1014 1311 1056 1355 ue
1079 1289 1233 1376 operibus
1269 1289 1434 1356 hominem
1454 1289 1508 1377 ju·

257 1374 408 1443 stificari.
430 1374 527 1458 Quod
551 1397 630 1443 1111
654 1373 780 1443 Christi
802 1376 972 1464 justitiam
993 1310 1077 1444 ides
1101 1379 1210 1444 instar
1233 1398 1349 1444 manus
1393 1400 1509 1466 appre-

257 1463 392 1544 hendat,
416 1463 577 1551 nobisque
600 1486 659 1552 pro
683 1463 859 1552 adeptione
882 1464 1003 1531 salutis
1026 1465 1182 1553 applicet,
1208 1466 1249 1531 ab
1268 1465 1355 1532 omni
1378 1465 1509 1554 pietate

257 1551 451 1638 longissime
475 1573 546 1618 esse
570 1573 751 1619 censemus.
776 1552 956 1636 Enimvero
981 1555 1133 1621 omnibus
1179 1558 1275 1620 esset·
1313 1553 1507 1640 hujusmodi

258 1639 350 1719 fides,
374 1637 463 1706 unde
486 1643 521 1706 et
543 1639 748 1708 adsalutem
772 1662 865 1707 nemo
879 1640 1509 1730 nonperveniret,quodaperteialsum

259 1727 436 1881 esthssiffin
459 1727 526 1794 imo
549 1727 648 1794 fidem
671 1727 706 1794 in
731 1729 826 1796 nobis
851 1729 1051 1796 existentem
1074 1730 1229 1818 operibus
1245 1751 1305 1795 nos
1319 1729 1507 1816 justificare

259 1835 312 1884 cre
336 1838 432 1881 1mus.
562 1829 564 1838 ⁴

373 1925 490 2014 Capite
513 1925 608 1996 XV.:
633 1925 805 1994 Credimus
828 1924 862 1991 in
885 1926 1037 1993 Ecclesia
1060 1949 1131 1994 esse
1154 1949 1260 1994 novae
1290 1927 1376 2014 legis
1400 1949 1511 1995 sacra-

258 2018 380 2095 menta,
405 2035 508 2103 eaque
531 2019 677 2102 septem:
703 2037 762 2080 nec
787 2013 946 2080 minorem
969 2036 1029 2082 nec
1053 2016 1210 2102 majorem
1233 2017 1269 2082 in
1292 2016 1513 2105 Ecclesiapa-

260 2107 503 2169 crementorum
527 2125 700 2170 numerum
723 2102 951 2171 admittimus:
984 2103 1150 2191 siquidem
1180 2105 1422 2171 haereticorum
1457 2106 1512 2171 de-

258 2189 403 2258 mentiae
425 2191 536 2259 foetus
560 2195 621 2272 est,
646 2189 733 2257 alius
769 2196 1050 2258 sacramentorum
1081 2215 1237 2260 numerus
1272 2215 1371 2277 quam
1403 2199 1512 2281 septe-

258 2278 383 2345 narius.
407 2279 483 2347 Non
508 2279 596 2346 enim
620 2279 738 2358 minue,
763 2301 861 2366 quam
885 2285 1016 2345 caetera
1039 2278 1232 2348 Catholicae
1243 2281 1323 2348 fidei
1342 2279 1511 2367 dogmata,

259 2366 469 2454 septenarius
492 2368 558 2435 iste
582 2372 864 2434 sacramentorum
887 2366 923 2432 in
945 2367 1132 2454 Evangelio
1156 2369 1322 2436 statuitur
1341 2391 1512 2453 numerus,
1575 2451 1578 2458 γ

259 2460 293 2521 11
317 2477 357 2522 ex
380 2455 453 2544 ipso
478 2455 660 2543 colligitur.

355 2563 407 2632 Ac
429 2565 536 2653 primo
582 2567 692 2631 uidem
714 2564 882 2652 Baptismi
905 2563 1156 2632 Sacramentum
1179 2565 1341 2634 Dominus
1353 2566 1511 2642 tradidit,

259 2652 392 2742 quando
416 2652 523 2719 dixit:
578 2659 687 2734 untes,
713 2653 828 2719 docete
852 2674 963 2719 omnes
986 2659 1114 2738 gentes,
1138 2654 1350 2742 baptizantes
1395 2678 1450 2722 eos
1474 2656 1513 2722 in

257 2740 392 2808 nomine
415 2739 539 2821 Patris,
564 2746 599 2807 et
621 2741 713 2821 Filii,
738 2747 773 2807 et
796 2739 939 2828 Spiritus
962 2740 1086 2807 Sancti.
1111 2740 1197 2808 item
1221 2748 1256 2809 et
1279 2765 1353 2810 cum
1398 2741 1512 2810 dixit:

260 2829 326 2913 Qui
350 2828 540 2909 crediderit,
565 2834 600 2894 et
623 2829 814 2917 baptizatus
836 2829 950 2909 fuerit,
975 2829 1089 2896 salvus
1114 2831 1188 2911 erit,
1236 2831 1293 2914 qui
1339 2853 1418 2898 1111
1441 2854 1512 2898 non

260 2917 448 2997 crediderit,
474 2917 754 2983 condemnabitur.

357 3026 627 3095 Confirmationis
650 3049 739 3108 1111,
764 3027 1005 3095 siveBalsami
1029 3028 1125 3109 sacri,
1154 3032 1187 3094 et
1211 3028 1320 3098 sancti
1343 3028 1512 3098 Chrisma-

258 3116 305 3183 tis
329 3138 401 3183 cum
426 3114 535 3181 dixit:
559 3115 630 3182 Vos
653 3122 765 3182 autem
788 3115 901 3182 sedete
924 3118 958 3181 in
982 3115 1131 3184 Civitate
1141 3116 1362 3198 Hierusalem,
1387 3118 1516 3206 quoad·

260 3227 365 3290 usque
387 3203 573 3270 induamini
595 3206 723 3272 virtute
746 3227 786 3270 ex
809 3203 888 3270 alto.
912 3203 986 3272 Hoc
1019 3210 1130 3272 autem
1168 3204 1290 3272 Sancto
1319 3206 1512 3292 superveni-

260 3301 337 3360 ente
361 3292 488 3382 Spiritu
510 3295 590 3363 sunt
613 3293 731 3375 induti,
757 3293 852 3380 cujus
876 3294 1008 3381 quidem
1032 3292 1214 3362 adveutum
1239 3293 1510 3380 significatCon·

260 3381 460 3448 firmationis
489 3380 748 3448 Sacramentum.

356 3490 605 3558 Sacramentum
629 3491 755 3557 ordinis
778 3491 922 3557 tradidit
946 3489 1078 3558 dicens:
1102 3491 1175 3558 Hoc
1208 3491 1311 3560 facite
1346 3491 1380 3557 in
1405 3513 1514 3559 meam

261 3579 609 3648 commemorationem.
634 3579 720 3646 Item
745 3584 877 3646 etcum
913 3580 1018 3646 dixit:
1059 3579 1282 3668 Quaecunque
1315 3579 1512 3666 ligaveritis

261 3675 295 3736 et
317 3666 489 3736 solveritis
511 3675 768 3756 superterram,
793 3674 893 3734 erunt
916 3668 1024 3756 ligata
1046 3674 1082 3734 et
1111 3667 1223 3734 soluta
1243 3669 1278 3734 in
1303 3668 1413 3735 coelis.

355 3777 572 3845 Incrucntum
596 3782 707 3844 autem
730 3777 875 3844 tradidit
898 3777 1106 3845 sacraficium
1130 3777 1260 3844 dicens:
1296 3777 1453 3864 Accipite
1477 3784 1514 3845 et

259 3865 466 3947 manducate,
490 3865 551 3932 hoc
575 3871 627 3932 est
650 3888 768 3954 corpus
793 3888 908 3931 meum.
933 3866 980 3932 Et
1004 3867 1107 3931 bibite
1130 3887 1171 3932 ex
1195 3888 1232 3933 11
1256 3888 1378 3948 omnes,
1394 3865 1515 3934 bicest

261 3958 396 4042 sanguis
420 3976 512 4021 meus
534 3954 613 4021 novi
637 3954 837 4020 testamenti.
863 3954 950 4021 Item
975 3961 1008 4020 et
1032 3976 1106 4020 cum
1129 3954 1237 4024 dixit:
1274 3954 1349 4022 Nisi
1374 3953 1512 4022 mandu-

262 4042 419 4110 caveritis
443 4063 572 4109 carnem
596 4042 656 4108 filii
679 4041 822 4107 hominis
845 4064 909 4107 non
933 4041 1100 4109 habebitis
1124 4042 1229 4109 vitam
1249 4042 1285 4108 in
1310 4043 1412 4109 vobis.

357 4153 608 4220 Sacramentum
632 4174 710 4219 vero
734 4151 939 4219 Matrimonii
962 4151 1208 4234 tunctradidit,
1230 4152 1387 4220 dumait:
1413 4152 1515 4235 Quod
1543 4159 1546 4166 '

260 4241 381 4308 DEUS
404 4242 585 4328 conjunxit,
610 4241 706 4307 homo
730 4263 795 4307 non
819 4246 961 4326 separet.
987 4239 1077 4322 Quin
1100 4246 1136 4306 et
1162 4262 1316 4327 magnum
1354 4241 1512 4330 adivino

261 4330 426 4418 Apostolo
450 4336 693 4397 sacramentum
718 4328 919 4417 appellatur.

357 4418 588 4486 Poenitentiae
611 4424 854 4484 sacramentum
876 4416 911 4482 in
935 4435 999 4502 quo
1025 4418 1059 4480 11
1082 4420 1211 4482 secreta
1233 4416 1420 4484 includitur
1438 4439 1513 4484 con-

262 4505 373 4591 fessio,
396 4501 477 4574 tunc
500 4505 652 4586 tradidit,
676 4528 749 4572 cum
774 4503 884 4570 dixit:
910 4504 1057 4587 Quorum
1081 4504 1279 4571 remiseritis
1302 4513 1448 4595 peccata,
1462 4528 1514 4572 rc-

262 4594 446 4662 mittuntur
469 4594 525 4676 eis,
550 4616 689 4682 quorum
712 4593 931 4673 retinueritis,
955 4597 1089 4658 retenta
1124 4597 1212 4658 sunt.
1237 4592 1324 4659 item
1364 4599 1398 4660 et
1436 4615 1510 4662 cum

264 4681 365 4750 dixit:
389 4683 464 4751 Nisi
488 4681 725 4770 poenitentiam
751 4681 898 4767 egeritis,
924 4702 1035 4748 omnes
1060 4677 1214 4746 similiter
1247 4682 1411 4767 peribitis.
