3426 5368
805 367 1011 474 *aas*

274 593 310 657 et
331 587 510 656 redeundo.
534 586 626 655 Idem
663 590 788 656 statuit
822 589 923 658 etiam
968 588 1163 657 Boniiacius
1185 587 1283 656 VIII.
1307 589 1407 656 Anno
1432 587 1532 655 1302.

271 676 467 745 Producens
489 681 605 758 testes,
646 681 871 766 competentes
916 679 1021 744 faciat
1055 677 1124 744 illis
1147 677 1332 744 ministrari
1356 699 1534 767 expensas.

277 764 380 854 (Vide
402 763 600 832 Kutschker
621 764 716 832 Tom.
747 764 788 834 V.
813 788 887 854 pag.
913 767 1001 852 785.)

275 945 311 1040 ξ.
339 939 435 1022 201.
472 943 536 1023 De
575 939 812 1047 Advocatis
854 944 901 1024 in
936 943 1081 1026 causis
1121 941 1539 1027 matrimonialibus.

371 1087 572 1156 Conceditur
593 1087 726 1177 quidem
749 1094 788 1155 ut
811 1089 969 1179 conjuges
1014 1113 1123 1157 coram
1159 1089 1391 1157 Commissario
1425 1089 1541 1178 inqui-

276 1179 371 1243 rente
393 1176 588 1243 Advocatos
633 1199 742 1243 secum
788 1176 965 1260 adducant,
1003 1184 1037 1246 et
1069 1184 1247 1263 antequam
1271 1177 1541 1245 declarationem

276 1263 413 1345 faciant,
438 1285 551 1330 eornm
574 1265 749 1332 consilium
785 1271 967 1355 expetant:
1009 1288 1124 1334 verum
1147 1289 1204 1333 eae
1228 1271 1360 1333 tantum
1385 1265 1541 1332 declara-

276 1351 396 1434 tiones,
422 1373 504 1440 quas
539 1352 671 1440 ipsimet
717 1355 950 1441 pronunciant,
984 1377 1048 1441 qua
1078 1355 1089 1420 i
1114 1376 1223 1422 sorum
1262 1361 1404 1420 mentem
1429 1353 1542 1442 expli-

277 1445 392 1507 cantes
429 1440 614 1528 protocollo
650 1441 845 1508 inserendae
869 1448 958 1510 sunt.
1006 1377 1113 1527 Quod
1126 1443 1155 1509 si
1178 1441 1374 1510 Advocatus
1396 1442 1542 1532 proprio

276 1528 409 1595 nomine
432 1528 592 1630 quaedam
618 1551 728 1595 casum
753 1530 1031 1598 matrimonialem
1067 1531 1248 1598 attinentia
1272 1529 1427 1620 deponat,
1453 1530 1542 1598 haec

277 1616 328 1682 ita
351 1615 543 1704 excip1enda
567 1623 600 1681 ct
625 1617 801 1683 tractanda
825 1625 914 1699 sunt,
939 1622 1026 1686 sicut
1049 1618 1126 1685 dum
1158 1642 1224 1686 non
1247 1641 1312 1703 qua
1335 1617 1543 1685 Advocatua

278 1705 528 1794 comparuisset.
553 1704 729 1772 Advocato
753 1707 888 1792 negotio
916 1729 951 1772 se
974 1709 1146 1794 ingerente
1181 1707 1434 1776 Commissarius
1458 1728 1544 1774 eum

278 1794 351 1861 loco
375 1792 532 1860 excedere
551 1793 681 1881 jubeat.
717 1793 759 1882 (ᾗ.
793 1794 1005 1883 141Ιο010.)

518 1971 549 2066 1.
579 1969 674 2052 202.
703 1973 766 2054 De
794 1974 1007 2056 Processu
1033 1971 1297 2077 probatorio.

325 2186 330 2198 ,
376 2114 417 2181 Ιο
442 2115 550 2182 000010
573 2114 803 2184 criminalibus
828 2123 929 2206 atque
952 2118 1117 2204 civilibus,
1135 2139 1308 2206 processus
1319 2117 1544 2208 probatorius

280 2224 341 2294 per
364 2203 585 2290 allegationes
610 2209 644 2270 et
666 2205 809 2294 replicas
824 2207 1074 2273 Advocatorum
1098 2229 1157 2294 pro
1174 2207 1216 2274 A.
1240 2213 1275 2274 et
1297 2206 1325 2273 I.
1350 2207 1544 2295 perficitur,

279 2295 315 2358 10
340 2293 448 2358 causis
471 2296 583 2359 autem
608 2293 906 2360 matrimonialibus
940 2294 1039 2382 juxta
1073 2294 1334 2362 Instructionem
1369 2317 1430 2383 pro
1463 2297 1546 2362 Tri-

280 2380 459 2446 bunalibus
482 2380 620 2469 Imperii
644 2381 817 2449 Austriaci
832 2383 1071 2470 praescriptam
1088 2383 1338 2449 Advocatorum
1360 2384 1546 2470 allegatio-

283 2490 340 2534 nes
362 2468 471 2534 locum
494 2491 560 2534 non
605 2468 740 2550 habent,
778 2471 836 2537 sed
859 2470 947 2538 nude
966 2471 1043 2558 jure
1066 2471 1281 2562 praescriptis
1325 2472 1546 2558 probationis

281 2556 435 2623 remediis
458 2555 653 2624 absolvitur.
700 2557 756 2624 Ad
780 2559 971 2626 nullitatam
1017 2559 1219 2625 matrimonii
1253 2560 1547 2645 pronunciandam

281 2645 464 2730 requiritur
486 2643 584 2732 plena
607 2645 770 2733 probatio,
816 2647 1018 2714 contrarium
1053 2650 1087 2712 in
1113 2670 1224 2714 casum
1247 2669 1307 2735 pro
1331 2647 1447 2715 valore
1471 2672 1548 2715 ma-

282 2733 431 2798 trimonii
455 2732 739 2820 pronunciandum
763 2740 838 2820 est;
863 2735 916 2802 bic
942 2734 1127 2802 Instructio
1163 2740 1190 2820 ξ.
1216 2734 1289 2801 147.
1312 2736 1545 2824 praescribit:

284 2820 518 2909 Praesumptio
557 2827 628 2887 stat
651 2843 710 2910 pro
745 2825 858 2888 valore
894 2823 1106 2904 matrimonii,
1143 2823 1415 2912 impedimentum
1439 2825 1548 2912 plene

282 2910 415 3000 probari
440 2908 547 2975 debet.
583 2908 695 2976 Judex
726 2909 971 2977 ecclesiasticus
1004 2910 1038 2976 in
1072 2911 1181 2978 causis
1218 2910 1447 2978 vincularibus
1471 2937 1547 2982 000

282 3003 416 3065 100100
439 2996 526 3086 quod
549 2996 691 3084 juridice
712 3005 838 3064 rectum
862 3006 923 3079 est,
947 2998 1062 3066 sedet
1086 2998 1173 3088 quod
1208 2999 1371 3087 objectiva
1418 3023 1547 3070 verum

285 3091 347 3169 eat,
372 3085 471 3153 debet
497 3107 622 3152 eruere.

490 3267 526 3360 ὅ.
554 3261 650 3345 203.
678 3265 742 3366 Dc
769 3265 1007 3368 generibus
1034 3265 1317 3368 probationis.
1356 3223 1360 3232 .

397 3411 529 3480 Genera
552 3431 611 3478 000
633 3410 722 3477 modi
744 3411 961 3500 probationis,
983 3412 1103 3500 quibus
1117 3412 1231 3480 Judex
1253 3414 1285 3478 in
1311 3411 1548 3497 cognitionem

285 3499 443 3566 veritatis
466 3499 581 3567 venire
615 3503 728 3587 potest
763 3504 862 3565 sunt:
909 3499 1090 3581 Confessio,
1123 3507 1236 3582 testes,
1283 3499 1447 3589 inspectio
1480 3524 1549 3591 per

283 3587 471 3676 reiperitos,
508 3588 741 3668 instrumenta,
766 3592 800 3654 et
821 3588 1053 3674 juramentum.

284 3793 321 3888 ἓ.
349 3787 446 3870 204.
474 3787 538 3868 De
564 3785 823 3890 probatione
852 3813 931 3892 per
958 3787 1545 3894 confessioncmconJ'ugum.

381 3932 554 4002 Confessio
577 3933 755 4021 conjugum
767 3941 844 4024 post
856 3935 976 4003 initum
994 3935 1240 4003 matrimonium
1254 3941 1369 4005 contra
1389 3935 1548 4008 valorem

285 4021 490 4089 matrimonii
512 4021 604 4089 facta
641 4022 730 4088 omni
752 4026 788 4089 vi
811 4031 921 4110 caret;
958 4029 1038 4091 ante
1076 4029 1284 4093 contractum
1307 4029 1419 4090 tamen
1444 4046 1549 4092 accu-

286 4119 392 4178 satum
416 4110 663 4177 matrimonium
695 4111 809 4179 elicita
840 4110 1021 4200 rejicienda
1056 4111 1146 4179 haud
1169 4122 1227 4180 est.
1275 4112 1316 4202 (ἓ.
1343 4112 1431 4200 148.)
1455 4112 1549 4180 Con·

286 4199 385 4267 fessio
405 4203 520 4266 ’00100
541 4199 722 4288 conjugum
754 4222 814 4289 pro
846 4201 959 4266 valore
993 4199 1197 4267 matrimonii
1227 4200 1294 4268 vim
1318 4200 1482 4288 probandi
1505 4203 1547 4268 in

285 4287 329 4354 iis
352 4292 484 4354 tantum
508 4287 641 4354 casibus
675 4287 786 4370 habet,
812 4289 845 4353 in
875 4289 994 4376 quibus
1042 4285 1239 4374 conjugibus
1285 4288 1462 4355 accusandi
1483 4289 1548 4375 jus

286 4376 453 4464 privative
476 4383 682 4443 reservatum
706 4383 767 4443 001.
791 4377 889 4443 Alias
911 4378 1215 4466 praesumptionem
1239 4384 1371 4444 tantum
1386 4384 1546 4462 generat.

288 4467 328 4552 (ξ.
355 4463 443 4549 149.)
467 4463 502 4531 si
526 4464 693 4550 conjuges,
718 4471 778 4532 aut
801 4465 888 4531 alter
920 4487 1030 4531 eorum
1066 4465 1107 4530 ad
1131 4466 1377 4550 inquisitionem
1422 4466 1549 4552 proba-

287 4552 408 4621 toriam
431 4573 497 4618 non
522 4558 745 4641 compareant,
785 4575 849 4620 non
875 4554 1069 4641 comparitio
1115 4561 1232 4620 contra
1255 4553 1401 4619 valorem
1425 4555 1549 4620 matri·

288 4640 391 4708 monii
413 4640 497 4707 nihil
520 4641 661 4728 probare
684 4647 813 4727 potest;
839 4664 898 4708 nec
922 4642 995 4708 ideo
1019 4663 1102 4708 onus
1114 4641 1277 4730 probandi
1288 4640 1549 4709 matrimonium

288 4728 459 4798 accusanti
483 4729 675 4797 incumbens
699 4728 837 4798 diminui
875 4729 982 4798 debet.
1007 4730 1110 4816 (150.)
