3468 5368
912 406 953 472 12

826 503 1029 512 --—--—----.-.-

614 737 649 832 §.
693 733 757 817 15.
784 732 909 816 Notio
935 733 1236 817 Hierarchiae.

396 880 528 948 Auctor
551 880 732 948 'tractatus
742 878 990 948 deHierarohia
1001 879 1147 962 coelesti,
1164 879 1283 948 definit
1296 877 1548 948 Hierarchiam:

304 967 389 1050 „Est
412 969 504 1050 ordo,
528 969 582 1037 vel
606 967 774 1036 ordinatio
799 967 1077 1056 comprehendens
1101 969 1163 1036 sub
1186 967 1550 1054 sediversosgradus.“

301 1055 358 1123 Ad
380 1055 564 1124 Ecclesiam
588 1064 700 1125 autem
723 1055 893 1145 adplicata
916 1055 1137 1124 describitur:
1179 1055 1379 1124 Hierarchia
1410 1061 1462 1123 est
1496 1063 1551 1143 po-

302 1149 419 1226 testas,
443 1166 527 1232 quae
550 1167 569 1210 a
593 1143 728 1211 Christo
751 1144 1056 1232 supernaturaliter
1078 1149 1113 1211 st
1124 1143 1353 1232 spiritualiter
1366 1143 1488 1211 collata
1498 1149 1551 1210 est

302 1232 373 1299 suis
395 1232 571 1320 Apostolis
595 1238 628 1298 et
667 1232 850 1321 discipulis,
886 1253 925 1298 ac
959 1253 1071 1299 eorum
1102 1230 1349 1300 successoribus
1388 1230 1551 1318 legitimis

302 1321 471 1409 usquead
505 1319 604 1386 finem
638 1320 762 1388 saeculi
794 1319 838 1385 ad
869 1319 1136 1390 aedificationem
1167 1319 1338 1387 Ecclesiae
1372 1319 1551 1386 secundum

302 1407 394 1494 leges
417 1407 637 1495 evangelicas.
660 1407 860 1476 Hierarohia
882 1407 963 1475 haec
986 1407 1075 1475 sicut
1089 1413 1239 1496 potestas
1254 1406 1350 1510 cujus
1365 1406 1552 1495 subjectum

224 1511 227 1516 '
301 1495 509 1577 Hierarohia,
534 1501 587 1562 est
609 1495 678 1563 alia
701 1495 828 1562 ordinis
851 1517 911 1562 seu
933 1495 1122 1579 ministerii,
1146 1495 1214 1562 alia
1234 1494 1552 1583 junsdictionisseu

302 1582 492 1670 regiminis,
517 1584 624 1671 prima
646 1582 701 1651 vel
718 1584 872 1686 proxime
894 1584 948 1650 vel
986 1589 1112 1652 remote
1144 1583 1232 1651 circa
1266 1603 1388 1671 corpus
1423 1580 1548 1650 Christi

302 1693 419 1738 verum
441 1674 512 1739 sive
533 1670 783 1740 Eucharistram
807 1677 999 1760 occupatur,
1023 1672 1169 1740 secunda
1206 1692 1286 1739 vero
1309 1673 1398 1738 circa
1433 1691 1552 1758 corpus

303 1758 430 1912 Clhristi
454 1759 643 1848 mysticum,
679 1781 872 1849 omnemque
904 1760 1050 1828 clavium
1086 1763 1289 1850 potestatem
1326 1760 1362 1827 in
1399 1781 1435 1826 se
1466 1780 1552 1826 com·

302 1847 472 1935 pectitur.

302 2029 337 2122 ἕ.
370 2025 434 2108 16.
461 2025 571 2107 Inde
598 2024 796 2106 fidelium
822 1993 871 2107 in
898 2024 1090 2107 Clericus
1104 1993 1340 2107 'ethuicos
1378 2021 1551 2120 divisio,

302 2152 419 2234 unde
460 2151 756 2234 corollarium:
799 2151 1037 2234 Ecclesiam
1066 2175 1159 2233 esse
1200 2151 1452 2233 societatem
1491 2148 1553 2229 in·

815 2279 1055 2381 aequalem.
1092 2289 1096 2296 '
1218 2373 1224 2384 ‚

397 2467 451 2534 Ex
474 2491 511 2536 eo
535 2469 623 2558 quod
645 2469 802 2537 Christus
825 2468 996 2536 Ecclesiae
1019 2429 1098 2535 suae
1121 2465 1340 2534 constituerit
1378 2463 1553 2618 Praeposi-

302 2559 355 2621 tos
379 2563 414 2622 et
436 2557 608 2637 Rectores,
633 2578 691 2624 seu
714 2579 841 2625 sacram
864 2556 1107 2636 Hierarchiam,
1131 2553 1248 2622 fideles
1270 2551 1445 2621 Ecclesiae
1491 2551 1554 2618 ivi·

194 2645 201 2655 '
301 2641 429 2711 duntur
450 2644 488 2710 in
507 2644 667 2726 Clerioos,
692 2651 727 2712 et
760 2645 900 2731 Laioos,
937 2666 1056 2733 nempe
1085 2643 1111 2710 ii
1148 2643 1207 2733 qui
1240 2640 1357 2708 divina
1389 2640 1553 2728 mysteria

302 2729 379 2798 aliis
403 2729 609 2819 dispensant,
633 2733 877 2826 Ecclesiaeque,
900 2731 1128 2820 gubernaculo
1151 2729 1278 2798 admoti
1303 2734 1393 2810 sunt,
1418 2727 1551 2809 Clerici,

191 2879 196 2886 ,
302 2816 362 2884 alii
386 2841 463 2886 vero
487 2820 546 2908 qui
569 2843 625 2888 eos
648 2820 765 2889 audire
788 2821 888 2888 otiis
912 2819 1055 2900 obedire,
1079 2823 1181 2907 atque
1205 2817 1302 2884 abiis
1316 2816 1553 2906 mysteriorum

302 2905 491 2974 divinorum
516 2908 696 2998 participes
718 2909 793 2976 fieri
816 2908 948 2990 debent,
972 2908 1067 2974 Laici
1100 2907 1268 2974 dicuntur.
1293 2905 1403 2990 Quam
1424 2904 1467 2970 in·
1482 2925 1553 2971 rem

301 2993 412 3083 inquit
436 2995 590 3084 Clemens
613 2997 784 3064 Romanus
796 2995 953 3086 inpriore
966 2996 1008 3063 ad
1022 2994 1214 3063 Corinthios
1228 2993 1370 3080 epistola
1385 3017 1391 3058 :
1405 3013 1552 3074 „summo

302 3081 473 3149 Sacerdoti
496 3084 694 3151 sua'munia
716 3085 845 3153 tributa
879 3090 979 3152 sunt:
1015 3090 1050 3150 et
1084 3081 1321 3150 Sacerdotibus
1353 3081 1445 3148 locus
1480 3101 1553 3168 pro·

302 3169 395 3259 prius
418 3171 611 3258 assignatus
634 3177 707 3257 est,
733 3179 768 3248 et
800 3173 933 3240 Levitis
964 3170 1151 3257 (Diaconis)
1189 3191 1250 3236 sua
1281 3168 1469 3236 ministeria
1503 3167 1552 3234 in·

302 3258 478 3344 cumbunt;
501 3259 598 3327 homo
621 3260 745 3328 Laicus
769 3262 956 3350 praeceptis
990 3260 1086 3326 laicis
1121 3257 1398 3345 constringitur.“
1432 3254 1552 3340 Quem·

301 3345 477 3412 admodum
499 3370 577 3414 vero
597 3348 676 3437 jura
698 3349 881 3416 Raetorum
904 3347 1076 3418 Ecclesiae
1100 3345 1200 3412 simul
1210 3366 1326 3412 eorum
1338 3343 1450 3412 officia
1460 3347 1553 3426 sunt,

301 3433 351 3501 ita
374 3434 482 3502 talsus
506 3441 595 3504 esset
616 3436 780 3503 intuitus:
804 3436 925 3504 Laicos
948 3437 984 3502 in
1006 3434 1158 3503 Ecclesia
1171 3439 1303 3501 tantum
1317 3431 1551 3519 obligationes,

254 3605 259 3612 Ι
301 3529 502 3590 nouantem
525 3523 626 3592 etiam
646 3523 725 3613 jura
748 3524 897 3610 habere;
922 3531 1023 3614 prout
1046 3528 1107 3604 est,
1132 3527 1171 3590 ut
1194 3523 1222 3588 si
1246 3521 1428 3610 qualitates
1461 3541 1552 3587 aca-

301 3609 443 3677 nonihus
466 3611 692 3700 praescriptas
717 3611 862 3680 habeant
884 3613 927 3680 ad
950 3632 1062 3680 sacros
1085 3610 1218 3680 ordines
1230 3613 1552 3712 promoveantur,ut

302 3696 491 3765 divinarum
513 3701 700 3787 gratiarum
723 3707 758 3768 et
780 3701 939 3769 bonorum
963 3699 1134 3768 Ecclesiae
1157 3696 1384 3786 spirrtualium
1415 3695 1553 3786 partici-

301 3807 359 3873 pes
382 3786 490 3873 fiant,
515 3787 671 3876 exigendi
693 3789 784 3870 item,
809 3794 848 3855 ut
871 3787 1017 3856 ministri
1041 3807 1210 3855 sacrorum
1233 3783 1553 3853 suisofficiisrelate

301 3872 345 3940 ad
367 3873 487 3944 Laicos
510 3874 709 3943 adamussim
735 3876 967 3967 respondeant,
991 3881 1092 3966 atque
1116 3873 1228 3955 etiam,
1252 3878 1293 3940 ut
1308 3877 1444 3940 sanotae
1460 3871 1552 3939 vitae

302 3962 451 4050 exemplo
474 3963 594 4031 Laicos
617 3964 815 4050 aedificent;
840 3964 928 4054 quod
951 3964 980 4032 si
1018 3985 1084 4030 non
1120 3961 1316 4049 contingat,
1343 3961 1409 4050 jus,
1442 3981 1552 4029 coram

302 4050 478 4138 Superiora
501 4051 672 4120 Ecclesiae
694 4053 908 4134 reclamandi,
933 4060 967 4120 et
1005 4050 1166 4118 medelam
1200 4047 1405 4139 postulandi,
1445 4049 1553 4137 deque

301 4138 374 4205 vita
397 4137 636 4218 ministrorum
653 4140 881 4208 testimouium
904 4139 1073 4225 ferendi1).
1098 4138 1251 4221 Quumve
1286 4136 1444 4207 Christus
1478 4137 1552 4204 fun-

302 4226 400 4293 dator
422 4226 594 4302 Ecclesiae
617 4227 688 4317 ipse
722 4229 899 4296 discrimen
936 4227 1152 4306 constituerit
1187 4226 1277 4294 inter
1314 4225 1483 4305 Pastores,
1516 4230 1552 4292 et

301 4336 446 4401 gregem,
470 4337 529 4385 seu
551 4317 712 4385 Rectores
735 4316 916 4398 Ecclesiae,
928 4323 962 4386 et
972 4313 1126 4384 subditos
1141 4314 1261 4382 Laidos
1273 4312 1399 4396 fideles,
1413 4311 1552 4381 evidens

302 4408 377 4470 est:
402 4401 587 4557 ildoolesiam
610 4403 746 4488 Christi,
770 4405 806 4474 vi
836 4403 1064 4475 institutionis
1088 4425 1168 4474 suae
1191 4424 1263 4472 esse
1286 4401 1481 4472 societatem
1503 4401 1553 4469 iu·

302 4512 406 4580 aequa
422 4513 482 4558 em.
556 4535 559 4544 ·

380 4763 397 4834 ¹)
418 4761 524 4817 Confer.
545 4761 660 4816 Schulte
679 4759 760 4815 Kath.
782 4721 980 4815 Kirchenreobt
999 4757 1023 4812 1.
1044 4756 1093 4812 Th.
1113 4772 1174 4827 pag.
1194 4756 1218 4811 9.
1247 4755 1320 4811 Nota
1338 4753 1362 4810 1.
1383 4753 1399 4824 ξ
1418 4751 1443 4808 3.
