3476 5366
869 302 932 369 172

801 399 1005 406 μ

280 545 389 590 eorum
414 527 573 590 societate
618 524 810 591 detrimenti
854 523 982 612 aliquid
1026 521 1201 610 accipiant,
1241 521 1292 592 vel
1322 522 1528 611 reipublicae

280 635 345 700 pax
368 614 602 700 perturbetur.

294 903 319 909 .,
357 793 406 912 §.q
425 787 517 872 183.
545 786 779 912 speciatim
806 787 861 870 de
889 787 1141 873 Tolerantia
1167 785 1449 872 Judaeornm.

311 944 315 951 '
376 935 442 1001 Pro
466 934 647 1001 tolerantia
690 933 896 1001 Judaeorum
939 935 1064 1024 passim
1093 936 1267 1023 sequentia
1289 937 1414 1002 motiva
1438 934 1530 1003 adfe-

280 1028 420 1090 runtur:
446 1024 479 1109 1)
503 1022 589 1111 quod
625 1023 665 1089 ab
701 1022 743 1088 iis
766 1023 988 1110 perversioris
1033 1023 1298 1090 Christianorum
1319 1027 1408 1090 teste
1432 1045 1529 1112 expe-

278 1111 401 1178 rientia
425 1115 578 1198 exiguum
601 1110 784 1198 periculum
806 1111 998 1196 immineat;
1032 1113 1067 1198 2)
1091 1111 1179 1264 quod
1201 1109 1326 1178 Judaei
1347 1133 1407 1200 pro
1433 1111 1530 1179 libris

278 1199 413 1267 Veteris
436 1198 642 1265 Testamenti
669 1200 738 1264 sint
761 1205 877 1280 testes,
902 1206 937 1266 et
960 1199 1092 1287 quasiC
1116 1198 1332 1267 ristianorum
1354 1199 1530 1266 bibliothe-

279 1287 369 1368 carii,
394 1292 429 1353 et
451 1286 524 1354 ideo
548 1285 666 1354 saltem
690 1286 902 1355 Christianae
932 1287 1102 1375 Religioni
1128 1287 1251 1373 utiles;
1276 1288 1310 1374 3)
1334 1287 1422 1376 quod
1445 1309 1530 1374 gens

251 1389 253 1406 ¹
278 1377 359 1442 haec
382 1377 506 1463 absque
528 1375 664 1461 propria
685 1376 795 1462 patria
828 1375 918 1442 inter
950 1397 1061 1442 omnes
1083 1375 1224 1464 populos
1247 1382 1357 1443 terrae
1380 1376 1530 1463 dispersa

280 1462 473 1529 vaticinium
497 1461 623 1531 Christi
658 1461 693 1527 in
730 1462 842 1530 fronte
888 1464 1111 1545 circumferat,
1136 1485 1199 1552 quo
1223 1460 1377 1530 vaticinii
1400 1463 1531 1530 Christi

279 1553 356 1617 vivo
379 1550 617 1639 complemento
640 1549 825 1619 Christiani
860 1551 894 1617 in
919 1573 977 1617 sua
1001 1551 1067 1618 fide
1102 1551 1349 1618 confirmantur.
1373 1552 1531 1618 Ceterum

278 1639 398 1727 quibus
421 1638 630 1705 cantionibus
652 1637 825 1727 Principes
848 1639 1005 1705 catholici
1040 1639 1132 1708 licite
1165 1639 1310 1709 tolerare
1333 1639 1470 1706 valeant
1493 1639 1531 1706 in

279 1729 347 1793 suis
384 1725 565 1793 territoriis
610 1724 635 1793 J
637 1725 768 1807 udaeos,
815 1727 991 1816 utriusque
1016 1726 1103 1814 juris
1135 1727 1269 1816 probati
1294 1733 1446 1795 auctores
1469 1726 1530 1794 SS.

278 1814 418 1880 Patrum
441 1815 644 1882 auctoritate
665 1813 920 1903 rationibusque
941 1815 1122 1882 ostendunt
1140 1816 1242 1883 titulo
1270 1816 1329 1897 ,de
1351 1814 1527 1884 Judaeis.‘

306 1995 341 2092 ἕ.
375 1992 468 2075 184.
498 1991 562 2074 De
589 1992 831 2075 Concordia
857 1991 1090 2096 utriusque
1116 1993 1346 2096 potestatis
1372 1992 1504 2076 eccle-

674 2117 881 2200 siasticae
907 2140 959 2200 ac
985 2116 1143 2200 civilis.

386 2263 462 2331 Etsi
486 2262 614 2330 duabus
637 2263 873 2351 potestatibus,
908 2263 1153 2331 ecclesiasticae
1180 2262 1336 2330 nimirum
1359 2267 1394 2330 et
1418 2262 1526 2344 civili,

277 2375 359 2440 quas
382 2351 535 2418 societati
559 2351 719 2419 humanae
742 2373 894 2440 praeesse
939 2351 1064 2418 dictum
1097 2357 1158 2432 est,
1183 2350 1266 2418 certi
1291 2351 1431 2436 denique
1455 2349 1527 2419 sint

277 2441 368 2522 fines,
392 2440 512 2529 quibus
535 2440 709 2527 utriusque
729 2439 919 2528 jurisdictio
942 2439 1111 2521 definitur,
1131 2439 1253 2527 quique
1276 2445 1315 2505 ut
1338 2438 1527 2524 tranquilla

277 2531 343 2594 sint
368 2529 477 2594 omnia
500 2527 699 2594 observandi
721 2534 756 2595 et
779 2526 986 2595 custodiendi
1031 2532 1111 2594 sunt
1150 2527 1415 2614 diligentissime,
1437 2527 1528 2594 nihi·

277 2616 420 2683 lominus
444 2638 516 2682 cum
538 2621 682 2704 utraque
725 2621 876 2703 potestas
921 2615 1061 2682 eundem
1092 2615 1256 2682 hominem
1289 2620 1396 2704 regat,
1420 2636 1528 2700 eoque

276 2711 414 2793 spectet,
438 2709 477 2770 ut
500 2707 570 2792 ipse
588 2704 708 2769 nedum
738 2703 773 2769 in
806 2704 867 2771 hac
901 2703 973 2770 vita
1007 2704 1053 2770 sit
1076 2703 1167 2784 felix,
1192 2704 1250 2770 sed
1272 2705 1468 2792 praesertim
1490 2703 1528 2770 in

276 2793 337 2859 1110
359 2792 558 2858 immutabili
585 2791 769 2857 animorum
802 2791 1021 2871 beatitudine,
1057 2790 1154 2859 facile
1191 2792 1329 2895 quisque
1351 2789 1548 2878 intelliget'

277 2885 417 2968 atquae
441 2881 524 2945 bona
547 2879 663 2946 futura
685 2901 725 2945 ex
748 2878 923 2946 concordia
933 2880 1110 2967 utriusque
1118 2885 1299 2968 potestatrs
1311 2879 1526 2967 proveniant,

276 2973 311 3035 et
333 2988 416 3053 quae
439 2969 565 3054 pariter
589 2967 675 3033 mala
690 2968 838 3034 timenda
855 2967 934 3047 sint,
958 2967 987 3034 si
1011 2966 1142 3055 quando
1158 2969 1248 3034 inter
1270 2991 1305 3035 se
1329 2966 1529 3034 discordant

276 3079 314 3122 ac
335 3055 751 3124 dissociantur.Praeclare
774 3055 806 3122 S.
830 3056 891 3123 Ivo
907 3054 1031 3142 (Epist.
1051 3055 1125 3120 233.
1150 3055 1193 3124 ad
1210 3054 1336 3123 Pasch.
1360 3055 1423 3142 ΙΙ.)
1439 3053 1527 3122 Cum

275 3148 414 3230 regnum
434 3149 468 3210 et
490 3143 721 3226 sacerdotium,
744 3143 865 3228 inquit,
888 3144 978 3211 inter
1000 3165 1035 3210 se
1058 3145 1269 3225 conveniunt,
1282 3145 1366 3211 hene
1388 3142 1528 3229 regitur

276 3233 426 3312 mundus,
450 3231 549 3298 floret
571 3236 605 3298 et
649 3231 832 3299 fruetificat
875 3231 1035 3299 Ecclesia.
1074 3270 1117 3290 .-
1141 3230 1239 3316 Quod
1261 3238 1296 3299 et
1319 3230 1450 3320 experti
1472 3253 1528 3298 su·

191 3341 193 3350 ·
276 3343 348 3388 mus
371 3321 432 3386 hec
463 3324 577 3386 nostra
617 3323 749 3405 aetate;
796 3322 917 3387 etenim
962 3319 1155 3408 apostolicis
1189 3319 1292 3387 'curis
1322 3317 1530 3386 sanctissimi

274 3409 448 3474 Pontificis
493 3407 546 3475 Pii
590 3407 664 3489 ΙΧ.,
699 3413 800 3492 atque
831 3409 955 3495 insigni
987 3407 1149 3493 religione
1193 3408 1299 3494 Regis
1337 3406 1530 3495 Apostolici

274 3494 899 3583 1101101001100001111101001010110
928 3497 1090 3563 Austriae
1123 3495 1208 3563 10110
1241 3518 1328 3562 anno
1357 3494 1452 3562 1855.
1478 3517 1530 3564 ce*

275 3584 360 3650 lebri
383 3584 610 3664 conventione,
635 3583 744 3650 omnia
778 3584 912 3652 tandem
951 3585 1126 3672 utriusque
1149 3583 1331 3673 potestatis
1353 3583 1531 3670 Ι1010000·

276 3671 365 3739 viter
386 3671 593 3755 feliciterque
616 3674 797 3760 composita
819 3671 922 3740 fuere.
963 3673 1126 3756 Quoniam
1149 3693 1229 3738 vero
1254 3671 1453 3760 quandoque
1476 3691 1531 3739 ac-

276 3760 367 3840 cidit,
391 3767 430 3825 ut
453 3759 585 3846 aliquae
608 3758 699 3845 leges
745 3759 861 3827 civiles
885 3765 944 3827 001
965 3760 1033 3848 juri
1058 3759 1181 3840 divino,
1215 3775 1273 3826 aut
1297 3763 1401 3828 sacris
1424 3759 1533 3827 Cano·

275 3848 373 3914 nibus
396 3869 433 3914 ac
456 3847 594 3935 proinde
639 3845 876 3914 catholicorum
922 3848 1143 3916 conscientiae
1187 3848 1419 3928 adversentur,
1454 3847 1530 3915 ideo

276 3936 499 4003 ecclesiastiea
521 3939 672 4023 potestas
695 3957 734 4002 ac
756 3933 917 4024 imprimis
944 3936 1086 4004 Romani
1115 3935 1306 4018 Pontifices,
1331 3936 1454 4025 quihus
1477 3935 1532 4002 in·

276 4025 399 4092 cumbit
421 4023 621 4090 universalis
643 4022 814 4089 Ecclesiae
834 4025 912 4111 jura
935 4023 1033 4105 tueri,
1053 4045 1112 4112 pro
1129 4024 1265 4090 illarum
1282 4023 1394 4110 legum
1420 4029 1531 4091 muta-

274 4113 366 4179 tione
388 4113 439 4179 vel
468 4110 676 4196 mitigatione
700 4133 832 4199 operam
866 4112 1080 4200 studiumque
1116 4111 1322 4200 impendunt.
1346 4112 1531 4178 Praeclara·

275 4201 410 4267 exhibet
434 4201 574 4266 historia
598 4198 822 4266 ecclesiastica
845 4200 907 4266 hac
942 4222 1039 4288 snper
1064 4222 1100 4266 re
1123 4200 1283 4287 exempla.
1310 4199 1365 4268 Sic
1390 4200 1422 4266 S.
1448 4199 1531 4268 Gre-

274 4290 390 4375 gorius
412 4288 556 4374 Magnus
578 4287 735 4354 Pontifex
758 4289 791 4353 in
814 4287 970 4376 Epistola
994 4288 1035 4355 ad
1058 4289 1296 4376 Imperatorem
1332 4287 1531 4355 Mauritium

280 4382 314 4443 et
338 4373 559 4442 Theodosium
584 4375 655 4464 ejus
679 4375 783 4440 filium
807 4381 1019 4464 conqueritur
1054 4384 1170 4443 contra
1193 4375 1298 4442 latam
1321 4375 1430 4463 legem
1457 4397 1531 4444 con-

282 4465 441 4532 scientiae
465 4472 500 4529 et
519 4463 652 4549 juribus
686 4463 951 4535 Christianorum
996 4465 1169 4531 adversam
1194 4465 1365 4530 scribens:
1394 4462 1531 4545 ,coram

279 4553 349 4620 Deo
374 4551 470 4638 eulpa
495 4573 619 4618 vacuus
650 4573 716 4618 non
752 4552 827 4633 erit,
851 4552 908 4638 qui
936 4552 1087 4640 Principi
1133 4552 1312 4619 veritatem
1336 4575 1532 4640 quocunque

278 4648 459 4729 praetextu
483 4637 652 4706 celaverit.
672 4678 715 4689 -
738 4639 897 4708 Cohibere
936 4663 986 4707 me
1018 4665 1085 4707 non
1109 4663 1241 4728 possum
1267 4641 1442 4729 quominus
1488 4640 1532 4706 ad
