3476 5366
548 645 583 738 ἓ.
617 641 709 724 147.
736 641 860 724 Notio
897 642 1096 726 Paroclri.

296 783 467 853 Parochus
491 791 544 854 est
565 786 759 876 Presbyter,
783 787 825 854 ad
848 809 961 856 curam
985 786 1167 854 animarum
1190 787 1225 852 in
1248 791 1345 854 coetu
1368 785 1448 854 fide·

198 872 292 954 lium,
316 873 374 960 qui
396 873 557 942 Parochia
581 874 714 960 dicitur,
739 899 777 943 ex
808 875 917 943 officio
941 873 1155 942 exercendam
1199 873 1367 964 Episcopi,
1391 874 1444 938 vel

199 960 384 1050 superioris
407 963 609 1030 auctoritate
633 964 848 1032 constitutus.
872 1003 915 1014 -
937 964 1026 1030 Hinc
1049 963 1092 1030 ad
1113 962 1281 1030 notionem
1303 962 1445 1029 Parochi

198 1049 386 1116 necessaria
409 1057 488 1116 sunt
511 1052 704 1136 sequentia:
731 1053 764 1140 1)
786 1059 826 1119 ut
849 1052 971 1119 habeat
993 1052 1177 1140 Presbyter
1207 1048 1317 1132 adid,
1340 1054 1380 1116 ut
1402 1050 1448 1116 sit

195 1135 370 1204 Parochus
392 1137 507 1205 fideles
530 1140 690 1228 proprios,
726 1163 864 1228 quorum
910 1162 1022 1207 curam
1053 1139 1263 1228 spiritualem
1286 1137 1322 1204 in
1342 1142 1448 1205 deter-

198 1225 327 1290 minato
349 1226 519 1293 territorio
541 1227 724 1314 parochiali
746 1237 866 1314 gerat3
913 1229 948 1317 2)
971 1235 1011 1295 ut
1044 1233 1245 1316 potestatem
1268 1225 1447 1316 propriam,

195 1313 231 1378 in
256 1319 421 1402 quantum
446 1314 524 1381 haec
546 1317 709 1404 potestati
747 1317 921 1404 delegatae
943 1322 977 1383 et
1001 1316 1143 1384 vicariae
1167 1315 1361 1405 opponitur,
1379 1313 1448 1380 ani·

194 1423 328 1468 marum
351 1423 462 1469 curam
485 1403 622 1490 gerendi
645 1403 686 1471 ah
710 1403 874 1493 Episcopo
912 1405 978 1471 sibi
1001 1403 1114 1472 datam
1137 1404 1325 1492 possideat;
1349 1401 1385 1490 3)
1409 1407 1449 1468 ut

195 1489 245 1556 sit
269 1489 511 1558 subordinatus
557 1491 732 1581 Episcop0,
757 1494 813 1582 qui
842 1492 1108 1581 jurisdictionem
1153 1491 1378 1559 Paroohorum
1399 1511 1448 1556 re·

194 1583 317 1666 spectu
340 1578 491 1646 exercitii
513 1578 659 1648 limitare
704 1587 825 1668 potest,
849 1583 878 1648 si
901 1580 1072 1648 Ecclesiae
1110 1579 1239 1647 utilitas
1262 1579 1297 1645 id
1321 1582 1446 1668 poscat.

292 1781 328 1872 ὅ.
361 1775 454 1860 148.
482 1779 564 1862 Jus
590 1781 883 1863 Parochorum
912 1781 1189 1864 Sacramenta
1227 1779 1358 1861 admi·

710 1907 942 1990 niatrandi.

301 2049 374 2130 ,Sic
393 2072 454 2118 uos
476 2053 643 2120 existimet
667 2055 772 2133 homo,
797 2055 847 2120 ait
869 2053 902 2120 S.
925 2052 1051 2119 Paulus
1073 2051 1257 2140 Apostolus
1272 2057 1306 2136 1),
1331 2057 1370 2118 ut
1392 2053 1449 2116 mi·

193 2135 325 2203 nistros
348 2137 473 2206 Christi
498 2146 533 2206 et
556 2141 802 2230 dispensatores
827 2142 1062 2229 mysteriorum
1085 2139 1179 2207 Dete
1220 2139 1308 2205 Hinc
1332 2139 1444 2206 Sacer-

196 2223 336 2291 dotibus
359 2225 518 2294 Parochis
563 2229 722 2319 competit
743 2230 799 2316 jus
822 2229 977 2296 fidelibus
1020 2228 1202 2295 Parochiao
1232 2248 1313 2293 suae
1335 2227 1449 2294 Sacra·

193 2319 312 2378 menta
335 2315 589 2382 administrandi
614 2318 648 2382 in
673 2319 782 2404 specie
806 2318 839 2404 1)
862 2318 1112 2384 Sacramentum
1145 2315 1321 2404 Baptismi,
1345 2321 1446 2400 atque

193 2399 274 2466 hinc
298 2400 352 2488 jus
374 2403 527 2469 servandi
552 2405 678 2471 fontem
701 2405 940 2492 baptismalem,
973 2413 1007 2470 ct
1031 2403 1239 2471 matriculam
1263 2403 1448 2490 baptizato-

192 2507 272 2554 rum
294 2489 376 2555 solis
398 2489 559 2558 Ecolesiis
582 2494 828 2581 parochialibus
850 2493 1020 2581 proprium
1044 2499 1113 2577 cst;
1137 2493 1171 2578 2)
1188 2490 1447 2558 administrandi

192 2577 452 2646 Sacramentum
476 2580 714 2648 Eucharistiae
749 2587 896 2648 temore
940 2579 1100 2670 paschali,
1124 2587 1159 2648 et
1181 2576 1374 2669 porrigendi
1397 2601 1448 2646 sa·

193 2687 290 2732 crum
317 2665 474 2732 viaticum
496 2667 661 2754 infirmis3¹
677 2670 712 2759 3)
748 2669 791 2736 ad
813 2603 999 2736 lp³arocbum
1031 2671 1178 2757 pertinet
1201 2667 1447 2735 administratio

194 2755 405 2821 Sacramenti
427 2754 668 2838 Poenitentiae,
701 2761 733 2822 in
769 2765 930 2842 quantum
975 2757 1161 2845 Episcopus
1183 2755 1447 2845 jurisdictionem

193 2864 257 2930 pro
279 2842 425 2930 propriis
447 2844 657 2930 parochianis
680 2846 881 2934 impertitur,
906 2851 1075 2933 tamquam
1099 2866 1158 2933 pro
1181 2843 1333 2930 subjecto
1358 2865 1448 2911 exer·

193 2929 322 2996 candae
344 2932 527 3017 potestatis
550 2933 679 3018 ligandi
702 2944 738 3000 et
761 2933 911 3000 solvendi
943 2933 1143 3022 designat0;
1167 2939 1268 3022 atque
1289 2934 1324 2998 in
1348 2954 1449 3021 quan·

197 3023 272 3084 tum
297 3018 409 3105 quivis
444 3020 719 3106 parochianorum
762 3021 911 3092 Parocbo
956 3023 1091 3111 proprio
1125 3021 1244 3088 saltem
1268 3025 1368 3086 semel
1391 3043 1448 3134 per

192 3129 319 3172 annum
344 3107 494 3174 confiteri
518 3114 662 3189 tenetur,
687 3109 758 3176 aine
781 3117 893 3176 tamen
917 3111 1106 3177 exclusione
1120 3109 1287 3197 Episcopi,
1316 3108 1367 3175 vel
1390 3110 1448 3175 ba-

193 3194 378 3274 cerdotum,
403 3196 459 3278 qui
484 3196 525 3262 ab
549 3195 726 3263 Ordinario
751 3198 792 3263 ad
817 3198 1025 3286 excipiendas
1049 3198 1196 3265 fidelium
1227 3197 1447 3264 confessiones

194 3282 325 3348 luerint
361 3284 563 3370 approbati;
610 3285 644 3370 4)
679 3285 936 3352 administrandi
981 3286 1232 3353 Sacramentum
1278 3291 1447 3351 extremae

194 3370 395 3455 Unctionis;
418 3373 452 3456 5)
472 3372 530 3460 jus
553 3372 730 3439 assistendi
767 3375 979 3441 Sacramenta
1025 3373 1231 3440 Matrimonii
1255 3371 1445 3460 etquidem

192 3461 256 3539 ita,
279 3463 320 3524 nt
342 3458 377 3523 in
401 3481 480 3526 casu
504 3461 671 3526 contrario
704 3462 954 3528 Matrimonium
979 3461 1135 3529 illicilum
1160 3461 1223 3545 sit;
1248 3461 1283 3545 6)
1303 3460 1359 3548 jus
1383 3459 1444 3526 Pa·

192 3546 287 3614 rochi
312 3551 365 3612 est
388 3547 543 3631 exigendi
567 3550 609 3616 ab
642 3551 810 3617 extraneis
857 3551 1095 3631 sacerdotibus,
1121 3555 1159 3615 ut
1179 3549 1290 3638 quivis
1313 3569 1443 3614 sacrum

192 3636 320 3702 Missae
344 3633 547 3704 Sacrificium
571 3637 747 3718 celebrare,
761 3647 820 3705 aut
837 3660 964 3705 sacram
987 3658 1225 3726 quamcumque
1237 3635 1442 3702 functionem

191 3727 226 3789 in
253 3721 404 3790 Ecclesia
427 3723 612 3812 parochiali
634 3746 793 3813 peragere
838 3725 1015 3794 intendens
1048 3727 1088 3792 ab
1113 3724 1226 3792 eodem
1248 3724 1445 3792 facultatem

192 3817 312 3901 petere
335 3815 500 3878 tencatur.

357 3993 391 4083 ξ.
424 3989 518 4070 149.
545 3990 627 4072 Jus
659 3991 945 4094 praedicandi
978 3992 1162 4072 verbum
1189 3989 1282 4071 Dei.

292 4155 450 4223 Parochis
473 4179 538 4242 qua
561 4157 797 4226 Sacerdotibus
818 4159 874 4248 jus
899 4183 970 4227 esse
987 4159 1125 4226 docendi
1147 4181 1206 4226 seu
1229 4157 1443 4248 praedicandi

188 4243 382 4312 doctrinam
405 4244 632 4328 christianam,
657 4249 699 4314 ad
722 4249 810 4337 quod
832 4252 976 4334 gratiam
1003 4249 1275 4314 sacramentalem
1299 4247 1334 4314 in
1359 4245 1444 4314 ordi·

187 4333 333 4400 natione
356 4333 533 4419 accipiunt,
558 4338 710 4425 superius
735 4344 755 4422 ς
782 4337 853 4402 144.
891 4337 1153 4404 demonstratum
1177 4342 1239 4402 est.

291 4417 487 4488 Matthaeus
509 4423 681 4491 Blastares
704 4426 792 4514 apud
814 4425 1034 4512 Beveregium
1064 4445 1140 4512 pag.
1164 4423 1217 4490 94.
1242 4423 1442 4511 Syntagma-

185 4509 237 4578 tis
262 4507 345 4594 Cap.
372 4506 427 4574 Vl.
451 4509 558 4577 relate
580 4511 623 4578 ad
647 4511 700 4597 jus
722 4511 934 4602 praedicandi
968 4511 1247 4600 Presbyterorum
1269 4509 1444 4595 sequentia

264 4648 292 4752 ἶ)
314 4647 463 4742 silua
486 4685 512 4741 c
533 4687 558 4741 a.
579 4705 604 4742 v.
627 4687 650 4742 1.
