3420 5358
708 359 908 464 Aa

278 582 315 662 fl
339 580 497 650 Adulteri
520 583 688 649 sententia
710 581 842 651 Judicis
865 583 1008 652 convicti
1032 582 1253 672 probibentur
1281 603 1306 646 a
1331 581 1442 648 matri·

180 668 296 737 monio
320 692 394 738 cum
418 669 575 759 complice
599 670 823 754 contrahendo
846 670 907 740 sub
932 694 1036 760 poena
1070 669 1241 740 nullitatis
1267 669 1377 739 relate
1399 668 1442 740 ad

181 757 329 826 effeetus
352 757 478 825 civiles.
511 833 514 842 ,

280 850 320 934 g)
342 845 568 914 Prohibentur
591 847 801 914 matrimonia
824 869 908 936 quae
931 845 1067 936 praevie
1089 846 1125 914 in
1148 843 1298 914 Ecclesia
1327 845 1448 914 tribus

181 933 360 1002 dominicis
384 938 444 1000 aut
466 933 564 1001 festis
588 934 704 1002 diebus
727 935 940 1022 promulgata
966 957 1030 1001 non
1054 941 1143 1016 sunt,
1157 941 1218 1003 aut
1227 933 1435 1022 dispensatio

179 1045 202 1088 a
227 1022 340 1090 tribuo
361 1021 686 1111 promulgationibus
709 1023 889 1111 impetrata
913 1045 977 1088 non
1001 1030 1063 1089 est.
1099 1019 1329 1109 Promulgatio
1358 1021 1437 1087 iaci-

181 1110 272 1178 enda
295 1115 348 1178 eat
371 1111 432 1178 sub
454 1108 586 1198 publico
609 1111 705 1178 cultu
727 1111 852 1193 divino,
877 1117 912 1178 et
934 1112 961 1178 ai
985 1111 1099 1199 sponsi
1123 1111 1158 1178 in
1181 1108 1353 1178 distinctis
1383 1131 1437 1194 pa

181 1199 310 1266 rocbiis
348 1197 510 1278 habitent,
556 1197 839 1287 promulgationes
877 1201 909 1263 in
945 1209 1083 1284 utroque
1117 1199 1188 1266 leco
1211 1195 1440 1264 instituendae

180 1293 290 1371 sunt;
316 1286 422 1353 relate
444 1291 555 1354 autem
579 1286 622 1352 ad
646 1287 858 1354 matrimonia
881 1287 986 1352 mixta
1009 1287 1111 1354 etiam
1133 1287 1170 1352 in
1203 1284 1352 1353 Ecclesia
1390 1306 1441 1352 ea-

179 1375 313 1442 tholica
335 1375 372 1441 in
386 1374 481 1462 cujus
500 1374 629 1442 ambitu
640 1397 719 1463 pars
742 1397 807 1442 non
831 1375 995 1442 catholica
1019 1373 1113 1460 degit
1134 1372 1214 1459 515.
1225 1373 1299 1440 dhe
1318 1373 1441 1440 Patent

180 1462 276 1529 ddto.
301 1462 333 1529 8.
358 1463 432 1529 Oet.
458 1462 552 1528 1856.
600 1461 725 1546 Quodsi
761 1468 822 1529 aut
847 1485 936 1528 unus
969 1484 1165 1550 sponsorum
1198 1461 1343 1529 nondum
1380 1482 1439 1528 sex

179 1550 390 1639 septimanas
412 1550 447 1617 in
473 1551 544 1617 loeo
567 1551 624 1617 ubi
648 1549 896 1617 matrimonium
919 1553 1089 1617 contrahit
1123 1549 1227 1636 degit,
1252 1548 1440 1636 promulga-

180 1639 294 1706 tiones
318 1639 424 1706 denuo
446 1638 675 1706 instituendae
705 1645 794 1706 aunt.
825 1639 1011 1706 instructio
1036 1639 1077 1706 de
1113 1636 1440 1727 promulgationibus

180 1727 256 1796 sive
278 1727 408 1793 Bannis
430 1726 640 1816 nuptialibus
663 1727 743 1794 baec
765 1726 987 1815 praeseribit:

280 1837 307 1922 ξ.
333 1835 384 1902 60.
408 1836 669 1917 Matrimonium,
695 1844 870 1925 antequam
897 1833 1439 1924 contrahatur,aparoobosp0nsi

187 1928 223 1991 et
247 1946 389 2013 sponsae
413 1924 522 1991 tribus
545 1924 662 1991 diebus
685 1923 859 1991 dominicis
883 1924 937 1991 vel
972 1925 1104 1991 festivis
1138 1924 1227 1990 inter
1264 1922 1440 1990 missarum

184 2011 349 2078 solemnia
371 2011 504 2100 publice
527 2011 794 2079 denunciandum
817 2019 852 2079 et
875 2013 990 2094 omnia,
1015 2013 1069 2080 cui
1082 2011 1355 2099 impedimentum
1379 2008 1440 2075 ali·

181 2099 272 2189 quod
295 2105 422 2182 notum,
446 2099 487 2166 ad
510 2100 725 2168 revelandum
750 2099 843 2167 istud
866 2100 1048 2168 monendus
1073 2107 1134 2167 est.
1158 2100 1306 2166 Persona
1320 2104 1443 2250 nuptu·

182 2187 322 2254 rientim
346 2209 501 2276 expresso
535 2188 646 2256 utrius
672 2211 712 2255 ue
748 2189 879 2256 nomine
902 2187 1333 2277 baptismalie'ognomine,
1384 2207 1442 2252 oco

182 2275 390 2358 nativitatis,
425 2282 547 2362 estate,
582 2211 772 2344 conditione
807 2299 845 2343 ao
884 2276 1050 2342 domicilio
1090 2281 1245 2344 accurate
1285 2274 1441 2342 determi-

182 2363 340 2432 minetur.

280 2475 307 2560 ξ.
332 2471 383 2539 61.
408 2472 446 2540 Si
468 2497 609 2564 sponsus
635 2473 686 2543 val
710 2497 831 2563 sponsa
855 2497 921 2541 non
944 2480 1076 2542 tentum
1111 2493 1238 2554 verum,
1262 2472 1442 2540 sedetiam

183 2563 279 2648 quasi
307 2562 508 2630 domicilium
531 2563 643 2644 habet,
668 2563 758 2631 trina
783 2563 1000 2652 proclamatio
1023 2568 1093 2630 tam
1124 2585 1145 2630 a
1179 2561 1323 2652 parocho
1357 2561 1440 2643 veri,

183 2672 284 2735 quam
307 2673 327 2716 a
350 2650 493 2738 parocho
516 2652 610 2738 quasi
636 2651 793 2718 domicilii
816 2673 929 2717 eorum
953 2649 1163 2717 instituenda
1197 2655 1259 2716 est.
1296 2649 1439 2731 Quando

182 2745 296 2805 autem
320 2738 503 2826 contingat,
528 2746 567 2805 ut
589 2761 729 2827 persona
752 2739 911 2827 quaedam
936 2746 1070 2826 praeter
1092 2737 1295 2805 domicilium
1319 2759 1435 2804 verum

182 2825 387 2914 plusquam
430 2848 532 2894 unum
568 2825 691 2894 habeat
736 2828 832 2916 quasi
877 2827 1089 2907 domicilium,
1132 2825 1270 2908 sufficit,
1302 2831 1342 2892 nt
1374 2847 1440 2895 ma·

184 2913 379 2980 trimonium
414 2935 434 2980 a
467 2915 608 3001 parocho
643 2915 714 2981 veri
754 2915 900 3003 ejusdem
935 2914 1093 2981 domicilii
1128 2937 1166 2982 ac
1190 2914 1231 2980 ab
1255 2935 1439 3001 uno-paro-

183 3001 331 3082 chorum,
354 3002 390 3067 in
424 3024 562 3087 quorum
586 3003 759 3070 territorio
794 3005 888 3092 qussi
920 3003 1124 3071 domicilium
1161 3002 1272 3084 habet,
1296 3000 1363 3068 rite
1387 3000 1441 3068 de·

186 3089 377 3157 nonciatur.

279 3201 308 3286 ᾗ.
332 3199 383 3266 62.
407 3199 445 3268 si
466 3222 608 3289 sponsus
632 3199 685 3266 vel
708 3222 832 3289 sponsu
854 3201 889 3268 in
914 3201 1007 3268 nulla
1029 3200 1272 3290 parochiarum,
1295 3198 1356 3266 ubi
1391 3221 1440 3266 se·

183 3287 328 3356 cundum
351 3288 487 3374 regulas
510 3289 680 3356 antelatus
703 3289 919 3377 proclamatio
942 3290 1148 3370 deridebat,
1172 3310 1233 3376 per
1244 3311 1303 3356 sex
1314 3287 1435 3356 saltem

182 3375 389 3464 septimanas
411 3373 549 3459 habitet,
573 3375 791 3466 proclamatio
814 3379 1017 3447 instituatur
1038 3383 1213 3465 praeterea
1236 3374 1272 3444 in
1284 3373 1437 3443 Ecclesia

182 3461 367 3553 parochiali
391 3463 462 3531 e‘us
485 3463 557 3546 loci,
580 3465 638 3531 ubi
660 3487 811 3552 persone,
837 3465 877 3533 de
900 3489 966 3554 qua
989 3466 1109 3552 agitur,
1135 3463 1256 3532 ultimo
1291 3485 1350 3552 per
1381 3486 1439 3532 sex

182 3551 303 3619 saltem
327 3488 550 3620 hebdomadas
571 3551 791 3619 habitaverit.
816 3554 1046 3624 Peculiaribus
1071 3575 1180 3620 rerum
1203 3551 1381 3634 adjunctis,
1398 3575 1438 3619 ue

183 3639 219 3796 {ld
241 3641 409 3707 commode
431 3641 501 3722 fiat,
524 3640 748 3723 obstantibus,
773 3663 813 3708 ca
836 3642 876 3710 de
906 3640 1019 3710 re'ad
1053 3641 1256 3732 Episcopum
1291 3640 1435 3708 referen-

207 3751 263 3796 nm
286 3734 350 3795 est.

280 3844 312 3924 ς.
334 3837 388 3904 63.
411 3836 513 3925 Apud
538 3859 604 3920 eos,
628 3838 685 3927 qui
708 3861 814 3927 neque
839 3862 952 3906 verum
984 3839 1109 3906 habent
1133 3837 1345 3918 domicilium,
1381 3860 1437 3904 ne·

183 3948 250 4015 que
269 3928 304 3991 in
328 3926 399 3992 loco
422 3925 518 4013 qnasi
541 3925 699 3994 domicilii
723 3949 781 4012 per
812 3930 889 3994 anni
914 3927 957 3994 sd
1000 3928 1170 3996 minimum
1205 3937 1333 4014 tempus
1368 3924 1438 4012 jam

183 4022 439 4094 commorantur,
475 4013 750 4098 proclamationes
784 4021 895 4096 ctiam,
930 4015 986 4082 ubi
1022 4015 1101 4103 jura
1133 4013 1366 4100 indigenatum
1402 4012 1438 4080 in

184 4101 423 4170 communitate
446 4100 538 4168 civili
563 4101 756 4169 habentium
781 4105 828 4169 eis
851 4111 1054 4188 competunt,
1071 4109 1106 4170 et
1122 4102 1254 4190 quando
1272 4099 1436 4186 ejusmodi

185 4189 258 4276 jura
280 4189 402 4256 nullibi
426 4189 474 4255 eis
497 4196 699 4278 competant,
723 4198 885 4293 quantum
908 4192 981 4257 fieri
1005 4194 1121 4279 possit,
1145 4189 1247 4257 etiem
1268 4189 1304 4256 in
1340 4211 1437 4278 paro·

185 4277 261 4344 chia
284 4277 350 4343 loci
373 4299 486 4344 eorum
509 4278 633 4344 natalis
657 4278 883 4346 instituendae
906 4286 996 4345 sunt.
1019 4276 1248 4368 Nupturiente
1272 4299 1339 4345 non
1357 4268 1437 4341 'mn-

185 4373 256 4433 tum
280 4387 371 4446 vero,
395 4365 453 4432 sed
477 4366 580 4433 etiam
602 4369 696 4454 quasi
720 4365 887 4434 domicilio
919 4376 1064 4447 carente,
1111 4366 1330 4454 proclamatio
1375 4365 1439 4432 liat

184 4459 253 4522 tam
277 4453 313 4521 in
337 4451 502 4541 parocbia,
526 4454 582 4520 ubi
608 4463 688 4521 tunc
710 4458 869 4543 temporis
892 4463 1125 4535 commoratur,
1148 4477 1246 4543 quam
1270 4453 1306 4520 in
1353 4450 1437 4536 loco,

186 4541 243 4608 nbi
263 4541 339 4630 jum
364 4541 592 4628 indigenotum
614 4542 652 4608 in
674 4544 911 4612 communitate
934 4542 1024 4610 civili
1054 4543 1249 4610 habentium
1296 4541 1328 4610 ei
1352 4562 1439 4610 com·

185 4633 317 4718 petunt,
341 4635 402 4695 aut
423 4628 511 4718 quod
534 4629 564 4696 si
587 4630 704 4696 nullibi
727 4630 770 4698 iis
792 4629 947 4718 gaudeat,
971 4637 1132 4719 quantum
1155 4630 1228 4698 lieri
1249 4629 1358 4718 possit
1401 4626 1439 4698 in

188 4717 344 4806 parocbia
370 4716 430 4782 loci
455 4717 586 4782 natalis.
