3468 5368
278 624 361 692 simo
384 625 712 714 quadringentesimo
737 628 908 716 trigesimo
932 650 1028 710 nono,
1052 627 1161 717 pridie
1179 649 1284 697 nonas
1308 629 1531 711 Julii,Pouti-

281 712 399 782 ficatus
423 714 530 782 nostri
554 736 640 782 anno
663 737 758 784 nono.

968 803 1172 890 (Sequuntur
1195 806 1483 894 subscriptionem)

412 984 447 1078 §-
475 979 543 1064 23.
574 981 919 1085 Consequentiae
948 987 1158 1086 expecto
1199 983 1394 1066 Unionis.

374 1148 498 1231 Exeo,
522 1149 610 1238 quod
633 1149 668 1216 in
713 1148 861 1216 Concilio
907 1148 1104 1217 Florentino
1150 1153 1314 1218 communi
1359 1150 1533 1218 Ecclesiae

280 1238 427 1306 Graecae
450 1241 485 1306 et
508 1238 651 1306 Latinae
673 1257 835 1304 consensu
858 1239 979 1325 dogma
1003 1240 1217 1306 enunciatum
1240 1240 1308 1310 sit:
1346 1240 1533 1306 Romanum

280 1325 477 1393 Pontificem
497 1348 570 1393 esse
592 1346 812 1393 successorem
836 1325 1003 1428 Principis
1029 1326 1278 1414 Apostolorum,
1302 1326 1427 1395 Verum
1437 1325 1532 1394 Chri·

280 1414 326 1480 sti
349 1413 533 1495 Vicarium,
558 1414 665 1481 totius
688 1413 857 1480 Ecclesiae
880 1412 1093 1482 (lhmstianae
1117 1423 1226 1502 caput,
1259 1416 1365 1484 totius
1399 1414 1533 1503 generis

280 1500 417 1568 humani
440 1509 570 1591 patrem
594 1510 629 1568 et
651 1501 838 1582 Dentonem,
862 1502 1065 1570 universalis
1087 1502 1259 1570 Ecclesiae
1293 1504 1471 1571 Rectorem
1494 1515 1529 1570 et

151 1660 153 1666 ,
281 1588 546 1658 &chematorem
570 1613 587 1656 e
611 1589 726 1657 divina
748 1590 975 1672 institutione,
1000 1587 1236 1679 consequitur:
1261 1590 1533 1659 unionemoonsi-

282 1685 371 1744 stare
393 1677 429 1743 in
453 1678 659 1765 subjectione
670 1683 804 1745 sanctae
827 1676 899 1744 sedi
921 1678 1137 1767 Apostolicae
1160 1702 1218 1747 seu
1241 1679 1391 1748 Romano
1416 1679 1534 1748 Ponti·

281 1765 338 1868 fici
359 1771 527 1868 tamqnam
551 1766 746 1852 Magisterio
769 1765 932 1835 communi
957 1771 991 1833 et
1026 1765 1214 1855 Regimini3
1240 1767 1317 1835 hinc
1347 1767 1388 1836 de
1432 1775 1533 1857 pecto

281 1875 432 1922 amoma:

379 1942 413 2028 1)
436 1942 564 2011 Graeco
587 1941 750 2009 Catholici
774 1941 909 2008 eandem
935 1964 1008 2010 cum
1032 1941 1167 2009 Latinis
1201 1949 1236 2009 et
1260 1943 1381 2012 ceteris
1419 1943 1535 2011 Eccle-

283 2028 352 2096 siae
374 2031 530 2098 membris
554 2036 667 2098 tenere
690 2034 725 2096 et
747 2029 898 2132 profiteri
923 2030 1045 2098 debent
1068 2031 1177 2112 fidem,
1209 2051 1308 2120 quem
1343 2033 1383 2099 ab
1418 2031 1534 2099 eodem

284 2119 447 2184 communi
469 2117 641 2186 Ecclesiae
664 2117 858 2203 Magisterio
882 2117 1071 2186 discendam
1097 2118 1231 2186 habent.
1258 2119 1429 2208 Quidquid
1452 2141 1533 2208 ergo

282 2205 318 2272 in
341 2204 499 2273 Conciliis
524 2205 750 2274 Oeoumenicis
773 2206 814 2271 ab
838 2205 936 2272 initio
960 2205 1131 2274 Ecclesiae
1154 2229 1259 2296 usque
1282 2208 1381 2275 finem
1405 2207 1533 2274 seculo-

283 2315 356 2360 rum
379 2295 582 2361 auctoritate
605 2293 748 2361 Romani
771 2293 946 2360 Pontificio
982 2295 1205 2382 congregatis,
1240 2303 1301 2362 aut
1336 2296 1533 2383 approbatis

283 2387 318 2446 et
341 2381 574 2470 approbandis,
599 2381 678 2448 fidei
701 2381 821 2468 dogma
844 2381 1057 2450 enunciatum
1082 2389 1143 2463 est,
1167 2385 1484 2462 antenunciabitur,
1499 2385 1535 2450 id

284 2468 412 2537 Graeco
437 2469 684 2538 Catholicorum
709 2491 837 2558 quoque
861 2469 944 2535 fides
968 2493 1039 2538 esse
1062 2471 1170 2538 debet.
1191 2471 1283 2558 Ergo
1307 2472 1435 2540 Graeco
1474 2472 1535 2541 Ca-

283 2555 400 2625 tholici
424 2565 576 2646 respectu
599 2557 677 2626 fidei
700 2557 867 2646 recipiunt
891 2558 1000 2624 omnis
1036 2557 1184 2627 Consilia
1220 2561 1427 2627 oecumenica
1467 2582 1534 2628 uon

284 2647 412 2713 tantum
436 2647 622 2727 orientalia,
647 2646 705 2713 sed
729 2647 830 2712 etism
846 2647 1074 2729 occidentalia,
1085 2651 1144 2714 aut
1153 2647 1341 2738 ubicunque
1354 2647 1534 2730 celebrata,

285 2738 321 2801 et
343 2739 556 2820 imposterum
574 2735 781 2803 celebranda.

380 2821 416 2911 2)
439 2823 591 2912 Utraque
613 2821 765 2890 Ecclesia
789 2821 917 2891 Graeca
939 2829 974 2891 ct
1004 2823 1129 2889 Latina
1173 2845 1269 2890 sunm
1302 2824 1426 2891 retinet
1461 2845 1536 2913 pro·

283 2909 392 3000 prium
416 2911 692 2979 Ecclesiasticum
714 2910 832 2978 Ritum
855 2933 916 2999 per
949 2918 1100 2978 sanctam
1147 2911 1256 2979 sedem
1302 2910 1535 3000 Apostolicam

284 2999 514 3152 approbatum,
538 3022 597 3067 seu
619 3001 653 3065 in
666 3005 828 3087 quantum
840 3000 1047 3089 approbatus
1065 3005 1125 3080 est,
1138 3023 1211 3066 oum
1224 3021 1385 3067 consensu
1398 3005 1535 3068 sanotae

285 3107 319 3154 se
345 3086 374 3152 is
396 3088 611 3176 Apostolicae
634 3086 886 3177 perfectibilem,
911 3109 1078 3176 nunquam
1101 3094 1213 3156 tamen
1237 3088 1535 3179 sinepermissicne

285 3175 404 3329 suipmi
438 3175 613 3244 Pontifioie
658 3176 694 3246 in
738 3197 933 3266 quocunqne
967 3182 1062 3265 parte
1096 3176 1301 3258 mutabilem,
1338 3183 1398 3244 aut
1431 3176 1536 3244 refor·
1576 3193 1580 3198 '

285 3285 338 3328 ma
361 3262 447 3329 ilem.

381 3351 415 3429 3)
439 3351 521 3420 Cum
545 3352 690 3419 omnium
713 3353 826 3420 ovium
849 3360 884 3420 et
907 3341 1067 3441 agnorum
1093 3373 1226 3419 suorum
1250 3373 1362 3419 curam
1401 3373 1534 3421 concre-

285 3437 410 3507 diderit
433 3439 590 3507 Ohristus
612 3442 724 3521 Petro,
759 3447 810 3508 et*
828 3440 1072 3508 successoribus
1106 3440 1326 3508 Pontificibus
1360 3441 1535 3523 Romanis,

285 3527 454 3594 Romanus
477 3529 635 3596 Pontifex
658 3528 795 3596 eandem
818 3527 919 3597 babet
942 3529 1087 3617 supremi
1111 3528 1262 3595 Pastoris
1286 3530 1536 3617 pomatatemin

286 3615 437 3701 singulos
460 3616 630 3684 Ecclesiae
654 3617 827 3685 Catholice
848 3619 965 3685 fideles
989 3617 1060 3684 sive
1078 3617 1213 3695 ¹(irasci,
1237 3618 1310 3683 sive
1334 3617 1459 3698 Latini,
1472 3624 1536 3686 eut

287 3705 510 3793 cujuscunque
533 3705 636 3772 Ritus
659 3710 720 3772 aut
744 3705 878 3794 linguae
901 3706 954 3772 illi
977 3706 1055 3774 sint.
1079 3705 1149 3772 Nec
1172 3711 1313 3792 possunt
1335 3707 1533 3774 sineaucto·

285 3791 390 3858 ritate
413 3792 591 3860 Pontificis
625 3794 767 3861 Romani
801 3793 864 3860 ulli
898 3795 1055 3861 Pastores
1090 3792 1243 3878 legitimi,
1274 3798 1345 3860 sive
1374 3794 1535 3884 Episcopi

287 3879 456 3960 constitui,
480 3882 537 3969 qui
562 3903 581 3948 a
604 3882 754 3948 Romano
777 3881 953 3963 Pontifice,
978 3881 1073 3970 cujus
1108 3903 1220 3947 omnes
1254 3880 1373 3948 fideles
1405 3884 1535 3971 proprii

287 3973 376 4048 sunt,
401 3968 434 4033 in
458 3991 685 4058 quamcunque
708 3969 894 4058 portionem
918 3972 1031 4057 gregis
1054 3969 1188 4036 Domini
1226 3969 1375 4057 accipere
1410 3968 1535 4039 debent

284 4054 561 4142 jurisdictionem.
585 4058 820 4146 Romanusque
857 4059 1114 4145 Pontifexqua
1159 4057 1361 4124 universalis
1406 4064 1534 4146 pastor,

287 4143 384 4208 etiam
408 4145 516 4233 quoad
539 4145 684 4213 Graecos
708 4146 826 4212 fideles
850 4147 934 4212 idem
956 4145 1013 4233 jus
1029 4145 1239 4212 habetoasus
1256 4145 1534 4228 eibireservandi,

287 4230 375 4297 sicut
398 4231 505 4320 quoad
529 4233 679 4314 Latinae,
701 4234 821 4322 jusque
845 4234 946 4300 hebet
969 4257 1069 4322 super
1091 4232 1313 4322 petitionibus
1329 4240 1363 4301 et
1387 4235 1533 4323 querelis

288 4317 481 4386 clericorum
505 4328 539 4387 et
562 4321 713 4388 fidelium
749 4325 848 4389 etiam
884 4344 1002 4408 graeco
1038 4321 1273 4389 catholicorum
1310 4323 1345 4388 in
1379 4345 1536 4412 suprema

288 4406 450 4474 instantia
475 4409 694 4495 cognoscendi
716 4416 750 4476 et
774 4409 957 4477 decidendi.

383 4496 417 4582 4)
440 4496 522 4563 Cum
546 4497 658 4564 eadem
682 4497 808 4565 sintin
831 4498 982 4564 Ecclesia
1006 4496 1085 4563 fidei
1120 4504 1154 4563 et
1188 4520 1315 4565 morum
1357 4497 1533 4588 principia,

288 4582 408 4672 quibus
431 4585 504 4672 ipsa
527 4585 765 4653 Ecclesiastioa
789 4586 965 4674 disciplina
989 4590 1219 4673 superstructa
1243 4592 1304 4666 est,
1328 4586 1413 4653 hanc
1436 4586 1536 4654 disci-

288 4670 412 4826 {litt
434 4673 694 4849 ,titillat
716 4696 1110 4849 titillabit&
1125 4673 1536 4851 lttibfitltbtt

684 4813 691 4843 ,
991 4815 998 4827 .
1048 4814 1053 4826 .
1103 4813 1109 4827 .
