3420 5358
872 302 938 370 278
1030 355 1033 366 .

592 603 634 730 §f
659 632 753 715 122.
783 633 1007 718 Sacratum
1035 635 1219 739 tempus.

376 777 442 848 Per
464 783 633 848 sacratum
657 784 788 870 tempus
811 775 1050 868 intelliguntur
1073 778 1142 848 dies
1187 780 1416 869 poenitentiae
1461 781 1531 850 sive

282 864 415 955 jejunii,
440 872 476 934 et
498 867 703 957 peculariter
725 869 813 937 sacri
835 874 870 936 et
892 868 973 936 festi
997 867 1168 935 devotioni
1192 870 1303 952 dicati,
1315 869 1435 958 quibus
1447 870 1533 944 sacri

284 955 435 1024 Ganones
458 955 575 1024 fideles
600 957 757 1045 conjuges
780 957 1013 1039 hortabantur,
1038 964 1078 1025 ut
1101 958 1142 1024 ab
1187 980 1251 1025 usu
1295 957 1533 1026 matrimoniali

283 1043 513 1147 abstinerent,
538 1044 626 1148 tales
648 1053 728 1112 sunt
751 1045 822 1116 dies
842 1045 964 1134 jejunii
987 1045 1296 1134 quadragesimalis,
1321 1052 1355 1120 et
1400 1047 1458 1136 qni
1481 1045 1534 1114 bis

282 1132 807 1290 aequrpqqqpltiqrmlefipqdqpeapltpql
817 1139 1184 1292 eiiaireoliiiiiiifflitaibiiili1¹1
1204 1156 1477 1324 ,illibimoportere
1499 1219 1534 1290 iu

227 1350 229 1361 ·
284 1305 539 1396 quadragesima
563 1309 699 1398 nuptias
722 1310 918 1378 celebrare‘
945 1310 986 1378 Iu
1009 1310 1134 1414 spiritu
1156 1315 1268 1378 autern
1292 1311 1392 1397 huJus
1431 1310 1535 1380 Cano·

284 1395 338 1462 nis
361 1395 514 1484 pluribus
537 1397 738 1465 introductis
761 1398 986 1467 abstinentiae
1010 1398 1136 1479 diebus,
1161 1403 1279 1486 utpote
1302 1407 1382 1468 ante
1413 1397 1536 1466 nativi·

283 1487 390 1552 tatem
412 1483 548 1552 Domini
572 1507 592 1552 a
615 1485 688 1554 lna
711 1487 815 1556 Nbris
837 1485 1087 1575 usque'iestum
1121 1485 1364 1574 Theophaniaa,
1409 1485 1536 1554 itema

283 1571 457 1644 Dominica
480 1573 588 1662 prima
611 1579 687 1662 post
710 1575 930 1644 Pentecosten
975 1596 1080 1664 usque
1124 1573 1248 1640 festum
1294 1574 1536 1662 Apostolorum

286 1659 379 1727 Petri
403 1665 438 1727 et
459 1661 568 1743 Pauli,
591 1668 692 1750 atque
715 1685 735 1733 a
758 1663 864 1751 prima
874 1663 1024 1750 Augusti
1035 1684 1139 1750 usque
1150 1662 1275 1730 festum
1291 1662 1532 1750 assumptionis

287 1747 411 1817 Beatas
436 1749 563 1818 Mariae
586 1750 650 1817 Dei
665 1750 857 1831 Genitricis,
882 1752 999 1839 quibus
1023 1749 1184 1817 accedunt
1209 1750 1280 1818 dies
1314 1750 1534 1819 exaltationis

229 1911 232 1930 1
285 1837 562 1996 {milet-ml
586 1843 621 1906 st
643 1837 874 1908 decollationis
896 1838 930 1906 S.
943 1837 968 1906 J
968 1837 1086 1906 oannis
1102 1837 1288 1929 Baptistae,
1302 1843 1403 1929 atque
1417 1843 1538 1908 octava

314 1945 370 1994 asc
395 1947 470 1995 ars.
1057 1960 1069 1978 ·
1404 1960 1410 1972 ·

581 2107 617 2202 ἓ.
662 2104 755 2188 123.
782 2105 1003 2188 Ecclesiae
1030 2103 1238 2190 Vetitum.

382 2247 552 2316 Ecclesiae
575 2250 729 2317 Velitum
767 2273 827 2318 seu
872 2251 1084 2318 interdictum
1130 2255 1191 2332 est,
1238 2271 1312 2317 cum
1338 2246 1539 2339 Episcopus,

287 2340 347 2404 aut
368 2335 471 2423 judex
494 2337 580 2404 alius
604 2338 857 2421 ecclesiasticus,
882 2340 935 2406 vel
959 2339 1128 2406 Parochus
1151 2337 1325 2405 interdicit
1360 2337 1473 2418 alicui,
1497 2359 1541 2403 ne

288 2425 466 2493 contrahat
490 2426 739 2493 matrimonium
764 2451 836 2494 cum
861 2427 976 2516 aliqua
1000 2429 1040 2494 ob
1063 2425 1284 2515 suspicionem
1313 2425 1457 2509 alicuius
1481 2423 1541 2490 im-

287 2512 483 2600 pedimenti,
508 2515 611 2583 donec
634 2520 766 2583 constet
789 2539 832 2582 an
856 2538 933 2584 vere
957 2515 1041 2582 illud
1064 2515 1185 2598 subsit,
1209 2537 1269 2584 nec
1291 2536 1342 2582 ue.
1388 2514 1441 2582 De
1464 2513 1540 2594 hoc,

287 2601 474 2669 Instructio
497 2606 525 2687 ἕ.
550 2603 602 2671 67.
651 2604 841 2675 raescribit:

385 2689 526 2772 Quando
549 2691 610 2758 iun
634 2698 691 2756 ata
713 2693 804 2760 adsit
827 2692 971 2781 suspicio
985 2691 1258 2780 nupturientibus
1267 2692 1541 2778 impedimentum

289 2777 454 2867 quoddam
480 2778 622 2859 obstare,
646 2785 706 2846 aut
730 2781 913 2847 timendum
938 2783 1061 2864 veniat,
1086 2782 1221 2868 nuptias
1245 2782 1373 2866 magnis
1418 2779 1542 2845 litibus

290 2865 345 2932 vel
368 2865 547 2947 scandalis,
572 2867 715 2956 aliisque
738 2868 834 2936 malis
858 2891 971 2936 ansam
995 2869 1215 2957 praebituras,
1239 2889 1408 2935 sacrorum
1440 2866 1542 2934 Anti-

290 2953 368 3020 stiti
388 2953 444 3040 jus
468 2956 625 3041 competit
648 2961 683 3022 et
706 2959 892 3044 respective
915 2956 1077 3043 obligatio
1115 2951 1288 3037 incumbit,
1334 2954 1543 3022 matrimonii

291 3041 546 3110 celebrationem
570 3043 779 3112 interdicere.
804 3044 972 3127 Quamdiu
995 3045 1211 3113 interdictum
1234 3044 1276 3111 ab
1311 3044 1425 3112 eodem
1464 3043 1542 3110 sub·

290 3130 398 3198 latum
422 3131 567 3214 nonsit,
591 3133 838 3200 matrimonium
862 3133 1057 3201 contrahere
1080 3133 1238 3200 illicitum
1261 3137 1323 3199 est.

290 3311 324 3406 ξ.
357 3308 450 3391 124.
479 3309 677 3394 Vetitum
703 3312 954 3410 Parentum,
983 3312 1192 3396 Tutorum
1214 3313 1258 3394 et
1268 3308 1543 3394 (iuratorum.

387 3455 438 3522 De
461 3455 522 3524 boc
545 3457 779 3546 impedimento
803 3459 835 3525 S.
860 3459 1005 3526 Basilius
1028 3459 1171 3546 Magnus
1204 3458 1285 3525 Can.
1309 3457 1362 3522 42.
1404 3455 1542 3544 inquit:

291 3541 451 3610 Graviter
474 3545 619 3612 officum
643 3547 779 3634 pietatis
802 3553 837 3614 et
859 3549 1064 3616 reverentiae
1087 3547 1281 3635 parentibus
1301 3545 1377 3632 jure
1392 3544 1544 3610 naturali

284 3630 443 3698 debitum
467 3633 607 3700 laedunt
629 3635 702 3716 filii,
726 3639 780 3723 qui
805 3636 877 3702 sine
900 3659 1061 3705 consensu
1084 3643 1260 3724 parentum
1292 3632 1544 3699 matrimonium

292 3719 504 3788 contrahunt.
528 3722 621 3790 Haec
644 3724 854 3790 matrimonia
878 3747 1014 3812 prorsus
1037 3723 1154 3790 illicita
1180 3721 1289 3810 sunt1)
1313 3723 1376 3786 imo
1397 3721 1544 3808 antiqui·

291 3814 348 3872 tus
371 3829 390 3872 a
413 3808 487 3895 lege
509 3813 706 3898 praesertim
730 3812 820 3879 civili
843 3811 990 3878 invalida
1014 3812 1244 3878 censebantur.
1268 3811 1336 3876 Ast
1367 3829 1432 3873 non
1457 3808 1541 3875 licat

291 3894 389 3961 hodie
412 3895 602 3983 hujusmodi
626 3900 724 3986 leges¹
740 3900 856 3967 civiles
880 3901 944 3986 jam
969 3900 1024 3965 diu
1048 3901 1089 3965 ab
1113 3898 1264 3966 Ecclesia
1296 3898 1463 3974 rescissas,
1490 3919 1544 3963 ex·

290 3985 402 4064 citare,
415 4007 532 4074 ,neque
555 3989 754 4054 matrimonii
772 3988 1025 4068 afiliistamilias
1049 3988 1172 4072 absque
1185 3996 1361 4074 parentum
1374 4006 1541 4052 consensu

292 4070 369 4136 initi
393 4071 585 4142 firmitatem
610 4075 646 4141 in
669 4075 804 4143 dubium
828 4098 956 4142 vocare.
980 4075 1050 4142 Lex
1073 4073 1098 4142 J
1100 4074 1262 4142 ustiniani
1298 4072 1543 4161 praescripsit:

291 4159 401 4226 Filius
424 4161 554 4252 plenam
578 4169 709 4230 tantum
734 4186 837 4250 agens
860 4170 1005 4230 aetatem
1029 4164 1131 4229 etiam
1154 4163 1225 4229 sine
1249 4183 1410 4228 consensu
1435 4163 1544 4248 patris

291 4270 427 4315 uxorem
451 4249 571 4317 ducere
593 4258 714 4339 potest.
739 4252 810 4319 Lex
833 4255 932 4319 stiam
977 4253 1158 4320 Austriaca
1202 4249 1286 4317 talia
1331 4249 1545 4316 matrimonia

292 4337 455 4424 prohibet,
469 4339 648 4424 etquidem
673 4340 708 4427 a)
732 4341 974 4407 Minorennium
998 4341 1206 4408 matrimonia
1230 4339 1355 4426 absque
1379 4359 1546 4405 consensu

293 4431 468 4515 parentum
493 4429 545 4493 vel
567 4433 739 4494 tutorum:
764 4435 979 4495 suntantea]
1003 4429 1221 4508 minorennes,
1246 4427 1302 4513 qui
1325 4424 1377 4491 24.
1419 4429 1547 4494 aetatis

293 4536 414 4582 annum
438 4515 582 4582 nondum
606 4517 813 4604 supergressi
836 4521 934 4602 sunt;
958 4519 991 4602 b)
1015 4517 1075 4584 sub
1099 4515 1259 4584 Curatela
1281 4514 1547 4582 constitutorum

370 4691 387 4763 ¹)
408 4689 526 4748 Consule
546 4691 647 4746 Bened.
668 4689 736 4748 XIV.
757 4691 791 4745 de
811 4691 837 4746 S.
857 4691 887 4746 D.
909 4690 966 4746 Lib.
987 4689 1030 4746 IX.
1052 4688 1079 4746 C.
1100 4689 1144 4746 XI.
1163 4689 1210 4745 Nr.
1230 4691 1255 4745 2.
1276 4690 1300 4744 3.
1322 4691 1349 4744 et
1368 4703 1425 4759 seq.
1523 4723 1528 4732 ·
