3464 5366
882 362 947 428 122
968 364 971 374 '

810 457 1013 466 ..ιο-...ὰ-

285 587 374 650 mata
396 582 472 664 fuit,
496 588 532 650 et
554 583 719 671 ingemuit
742 584 796 673 (ut
817 583 927 670 inquit
948 585 1189 674 Hieronymus)
1201 589 1295 654 totus
1307 584 1398 652 orbis
1422 595 1453 652 et
1467 587 1531 652 ari·

285 689 384 738 anum
408 692 480 738 esse
502 671 644 739 miratus
668 678 729 740 cst.

380 759 447 826 Ubi
470 759 593 828 Petrus
615 761 650 826 in
674 763 743 828 suis
766 761 1009 829 successorihus
1032 782 1161 851 semper
1184 760 1301 828 vivens
1338 757 1454 839 inerit,
1481 759 1532 827 ibi

285 846 350 915 erit
373 851 408 915 et
429 847 582 915 Ecclesia
605 847 788 934 Catholica‚
814 849 861 914 ihi
884 849 1115 1002 Magisterium
1139 870 1198 938 per
1231 848 1403 916 Christum
1435 847 1533 926 insti,

283 939 405 1015 tutum,
430 935 599 1002 criterium
622 936 788 1017 veritatis,
814 938 866 1004 cui
889 938 946 1026 qui
961 938 1041 1018 ibet,
1066 937 1123 1026 qui
1147 935 1273 1004 Christi
1296 957 1367 1004 esse
1392 934 1475 1015 vult,
1495 955 1533 1002 se

284 1023 483 1092 submittere
520 1023 697 1110 obligatur.
732 1025 806 1092 Hoe
839 1024 927 1092 idam
964 1025 1208 1112 Magisterium,
1244 1024 1337 1113 quod,
1366 1025 1534 1090 convertit

283 1115 401 1198 gentes
424 1110 521 1178 hodie
544 1133 672 1200 quoque
694 1114 729 1180 in
752 1116 896 1202 quinque
920 1113 1073 1201 partibus
1104 1119 1224 1193 terrae,
1262 1119 1297 1180 et
1328 1110 1533 1180 confessores

283 1200 453 1287 Martyres
476 1221 553 1266 suos
577 1198 675 1266 hodie
698 1221 826 1290 quoque
850 1201 1042 1269 testimonia
1065 1201 1223 1269 veritatis
1246 1199 1367 1267 mundo
1381 1200 1532 1288 praebet,

283 1287 408 1354 nostris
431 1308 561 1377 quoque
583 1290 789 1377 temporibus
811 1293 947 1358 mnne're
969 1289 1033 1357 sibi
1057 1289 1220 1356 divinitus
1244 1287 1368 1356 credito
1399 1288 1534 1374 perfun-

284 1382 375 1445 ctum
398 1384 459 1456 est,
484 1375 562 1442 dum
593 1375 713 1463 dogma
748 1372 949 1446 catholicum
975 1377 1186 1446 enunciavit:
1221 1377 1361 1444 Beatam
1391 1374 1534 1442 Mariam

284 1485 413 1552 semper
434 1462 620 1550 Virginem,
651 1487 716 1532 non
755 1465 851 1533 modo
885 1488 905 1532 a
936 1465 1011 1533 labe
1044 1466 1173 1555 peccati
1203 1463 1370 1534 auctualis
1404 1485 1535 1552 semper

283 1551 449 1632 mundam,
468 1551 527 1620 sed
549 1553 583 1618 in
606 1553 680 1640 ipsa
703 1553 755 1619 sui
779 1553 994 1643 conceptione
1016 1576 1036 1619 a
1059 1554 1135 1622 laha
1157 1553 1264 1642 ipsius
1273 1551 1449 1639 originalis
1456 1573 1532 1641 pcc-

284 1640 361 1724 cati,
385 1639 521 1728 speciali
545 1640 657 1707 divina
680 1641 863 1727 gratiaco,
888 1642 976 1730 quod
998 1649 1088 1709 esset
1110 1641 1219 1709 Mater
1242 1641 1306 1707 Dei
1340 1638 1532 1721 salvatoris,

283 1729 461 1800 immunem
483 1727 597 1796 fuisse.
624 1727 731 1813 Quam
755 1733 1001 1818 conceptionem
1024 1730 1098 1818 ipsa
1110 1728 1260 1798 Ecclesia
1274 1728 1404 1797 Graeca
1416 1728 1469 1795 die
1478 1728 1535 1796 9·a

283 1816 477 1885 Decembris
499 1816 535 1883 in
558 1816 745 1904 Synaxario
768 1817 812 1884 ad
836 1819 1050 1899 Matutinum,
1089 1818 1335 1907 conceptionem
1369 1821 1532 1901 sanctam,

284 1927 323 1973 ac
344 1902 484 1995 proinde
505 1904 635 1994 peccati
658 1911 827 1993 expertem
852 1907 1041 1974 confitetur.

222 2099 226 2106 '
319 2087 354 2180 §.
386 2081 479 2165 106.
506 2083 712 2167 Definitio
740 2083 965 2166 Catholica
993 2083 1261 2172 oecumenici
1299 2082 1492 2166 Concilii.

380 2251 434 2318 Ex
492 2251 659 2319 rnemissis
703 2251 841 2319 dilficile
878 2274 944 2320 non
978 2257 1031 2320 cst
1071 2252 1254 2321 Concilium
1288 2251 1536 2320 oecumenicum

285 2361 388 2408 sensu
411 2274 585 2406 Catholico
609 2339 756 2422 definire,
780 2340 870 2409 idest
892 2340 1114 2410 determinare
1136 2347 1250 2408 notam
1283 2341 1378 2408 illam
1417 2340 1530 2408 chara·

285 2427 497 2508 cteristicam,
522 2449 606 2516 qnae
629 2429 691 2495 soli
714 2431 919 2497 oecumenico
943 2428 1090 2497 Concilio
1112 2431 1247 2518 propria
1270 2435 1331 2510 est,
1353 2433 1388 2496 et
1410 2450 1476 2517 qua
1489 2429 1533 2496 ab

286 2516 376 2586 omni
398 2514 466 2582 alia
488 2517 745 2603 congregatione
768 2517 1002 2604 distinguitur.
1026 2517 1092 2584 Est
1120 2539 1237 2606 nempe
1266 2516 1451 2587 Concilium
1482 2537 1536 2584 oe-

285 2603 488 2674 cumenicum
522 2607 735 2692 congregatio
757 2605 788 2672 Ε
812 2606 1010 2693 iscoporum,
1051 2627 1133 2694 quae
1165 2605 1399 2693 Magisterium
1428 2605 1533 2672 Petro

284 2691 518 2782 Apostolicum
540 2715 600 2781 per
621 2692 646 2760 J
648 2715 739 2761 esum
763 2629 934 2762 Christum
959 2715 1031 2763 cum
1055 2693 1253 2761 assistentia
1283 2693 1416 2782 Spritus
1452 2692 1534 2760 San·

211 2811 213 2816 ’
285 2783 331 2851 cti
354 2780 495 2871 spiritus
518 2783 671 2848 veritatis
695 2801 764 2933 pro.
778 2782 931 2848 omnibus
953 2782 1162 2869 temporibus
1199 2781 1398 2850 institutum
1434 2780 1534 2869 plene

282 2892 319 2938 re
342 2872 523 2948 raescntat,
547 2890 607 2957 pcr
628 2869 697 2937 Eoo
711 2869 799 2936 asiae
821 2869 1013 2951 Primatem,
1027 2870 1079 2937 vel
1105 2870 1178 2956 ejus
1191 2873 1532 2951 assensuconvocata,

282 2980 302 3025 a
348 2955 587 3025 enunciandam
609 2956 807 3024 catholicam
830 2957 1026 3040 doctrinam,
1060 2961 1097 3026 et
1131 2957 1354 3026 universalem
1389 2956 1535 3046 discipli·

282 3068 359 3114 nam
382 3043 627 3113 stabiliendam.

377 3135 443 3202 Per
464 3131 549 3200 hanc
572 3131 796 3201 definitionem
821 3155 933 3201 omnes
953 3133 1214 3223 disquisitiones,
1237 3136 1271 3201 in
1294 3133 1415 3222 quihus
1439 3152 1538 3200 cano-

282 3224 391 3290 nistas
413 3219 456 3291 ad
478 3219 767 3312 determinandum
785 3243 956 3289 numerum
969 3223 1211 3311 Episcopnrum
1224 3226 1332 3290 totam
1353 3219 1539 3289 Ecclesiam

281 3310 605 3400 repraesentantium
640 3332 814 3399 perperam
841 3310 1056 3394 desudarunt,
1091 3311 1244 3380 sublatae
1278 3315 1369 3378 sunt.
1403 3306 1540 3376 Dicitur

282 3407 394 3468 autem
417 3396 600 3486 Concilium
625 3398 868 3466 oecumenicum
885 3400 1101 3487 congregatio
1114 3399 1353 3492 Episcoporum
1369 3418 1428 3486 per
1440 3395 1540 3465 Prin-

282 3488 387 3577 cipem
410 3485 650 3577 Episcoporum
673 3509 731 3555 seu
754 3487 935 3556 Primatem
957 3487 1138 3568 Ecclesiae,
1156 3491 1215 3554 aut
1227 3510 1302 3554 cum
1314 3486 1388 3576 ejus
1399 3477 1541 3554 adsensu

283 3584 546 3645 convocatorum.
571 3574 679 3657 Certe,
703 3576 907 3644 testantibus
930 3576 1061 3643 actibus
1091 3575 1356 3664 Apostolorum,
1375 3573 1540 3662 Princeps

282 3687 395 3733 eorum
418 3665 550 3744 Petrus,
573 3685 629 3732 eos
652 3663 694 3730 ad
717 3664 858 3732 consilia
879 3663 1024 3732 ineunda
1040 3664 1267 3750 congregavit,
1291 3663 1334 3730 iis
1357 3660 1538 3751 praesedit,

282 3747 447 3842 objectum
470 3750 727 3819 consultationis
764 3752 948 3841 proposuit,
972 3757 1007 3819 et
1029 3751 1219 3819 conclusum
1253 3751 1401 3820 firmavit
1433 3752 1542 3838 atque

283 3841 485 3908 enunciavit.
506 3837 604 3923 Quod
622 3838 679 3928 jus
703 3840 949 3909 convocationis
972 3839 1211 3928 Episcopomm
1235 3842 1335 3907 etiam
1372 3858 1542 3906 successo-

281 3929 375 3996 rihus
397 3930 490 3997 Petri
515 3934 700 4016 competere
723 3928 831 3996 debet.
855 3928 953 4012 Quod
988 3932 1017 3994 si
1052 3927 1275 4017 Imperatores
1309 3925 1542 3995 Christiania

282 4017 414 4085 saeculo
437 4017 497 4086 IV.
522 4015 744 4084 materialiter
767 4021 991 4085 convocarunt
1003 4015 1186 4104 Episcopus
1211 4016 1253 4082 ad
1277 4014 1437 4095 Concilio,
1460 4037 1542 4083 cum

282 4111 411 4174 annutu
434 4112 469 4173 et
492 4127 623 4172 accessu
648 4105 767 4172 summi
789 4103 974 4184 Pontificio,
1007 4107 1047 4172 de
1070 4126 1133 4192 quo
1157 4103 1281 4171 eruditi
1304 4101 1448 4190 amplius
1470 4124 1542 4172 non

283 4193 476 4279 ambigunt3
509 4193 627 4262 exinde
672 4196 905 4282 argumentum
928 4192 1056 4258 nullum
1081 4197 1196 4260 contra
1214 4192 1270 4280 jus
1293 4191 1432 4259 formale
1455 4190 1543 4258 Cou-

195 4317 198 4324 ·
261 4281 361 4356 ,cilia
384 4281 624 4370 Episcoporum
648 4280 872 4368 congregandi
895 4279 1098 4347 solummodo
1110 4280 1254 4358 Primati
1266 4279 1436 4347 Ecclesiae
1449 4300 1537 4346 com-

306 4375 409 4451 etens,
432 4368 551 4437 deduci
573 4373 694 4458 potest.
720 4367 979 4458 Appositehanc
1001 4369 1117 4436 iuram
1128 4363 1447 4436 PerroneTomoII.
1460 4387 1541 4455 pag.

282 4392 358 4524 324.
381 4457 441 4526 Nr.
466 4458 540 4524 661.
565 4458 739 4526 observat:
765 4457 820 4540 ,Si
841 4456 901 4524 uni
923 4457 1070 4524 Romano
1092 4455 1251 4525 Pontifici
1268 4477 1350 4523 onus
1371 4453 1542 4523 incumbit

283 4545 441 4635 pascendi
463 4546 656 4615 universum
677 4546 875 4613 dominicum
908 4567 1053 4632 gregem,
1088 4545 1160 4634 ipse
1193 4545 1342 4632 profecto
1376 4542 1467 4611 solus
1504 4544 1542 4612 vi

284 4633 454 4702 Primatus
494 4634 548 4701 sui
570 4639 683 4723 potest
704 4634 875 4722 generalia
898 4633 1047 4701 Concilia
1080 4655 1269 4701 convocare.
1309 4633 1397 4700 Dum
1427 4631 1540 4719 igitur

284 4721 425 4790 historia
439 4721 574 4792 videtur
589 4722 844 4812 imperatoribus
857 4721 1005 4790 tribuere
1018 4722 1288 4792 convocationem
1301 4719 1539 4804 Conciliorum,
