3426 5368
767 361 972 468 Q

248 583 360 651 Canon
384 582 481 650 XIX.
505 584 644 652 Consilii
668 585 787 653 Niceni
825 585 867 651 I·i
902 583 1076 654 decrevit:
1125 584 1177 666 ,Si
1201 584 1276 674 quis
1298 584 1495 676 Episcopus,

247 670 302 738 vel
347 669 541 762 Presbyter,
573 673 626 741 vel
657 673 837 752 Diaconus,
868 673 922 740 vel
944 672 1075 752 Lector,
1098 673 1151 739 val
1176 672 1303 742 Cantor
1347 681 1497 742 sanctam

248 758 398 826 Paschae
420 760 707 848 quadragesimam
731 783 796 828 non
816 761 1023 849 jejunatum}
1044 761 1294 850 quartamdiem
1312 761 1497 850 (Mercurii)

248 847 301 914 vel
324 868 525 934 parasceven
550 848 719 936 (Veneris)
754 855 985 936 praeterquam
1008 850 1038 916 si
1057 853 1195 938 propter
1232 849 1497 918 imbecillitatem

248 934 451 1022 corporalem
496 936 708 1024 impediatur,
745 938 949 1028 deponatur3
986 938 1015 1005 si
1038 940 1084 1004 sit
1107 943 1219 1004 autem
1242 936 1365 1005 Laicus
1388 959 1498 1026 segre·

247 1029 376 1108 gelnr.‘
403 1023 510 1092 Juxta
534 1025 621 1092 hunc
644 1047 723 1111 ergo
746 1047 903 1093 canonem
926 1027 987 1094 hoc
1021 1025 1154 1094 unicum
1177 1031 1266 1092 esset
1287 1025 1323 1091 in
1345 1025 1497 1094 Ecclesia

175 1117 178 1133 ’
248 1109 413 1177 Orientali
433 1112 606 1200 jejunium,
653 1119 730 1181 rout
760 1113 901 1200 adnotat
931 1114 1109 1181 Balsamon
1142 1113 1294 1180 adhunc
1339 1135 1498 1182 canonem

247 1199 422 1286 inquiens:
473 1198 598 1281 ,Juxta
631 1137 719 1268 hunc
750 1224 907 1270 canonem
952 1202 1085 1305 proprie
1118 1223 1220 1269 unum
1258 1221 1330 1269 esse
1364 1206 1499 1269 tantum

244 1284 409 1374 jejunium
433 1288 719 1376 quadragesimale
741 1291 909 1376 Paschae;
934 1313 963 1356 s1
986 1291 1073 1357 enim
1097 1295 1210 1357 assant
1232 1294 1267 1356 et
1289 1289 1498 1371 abacorum

248 1395 352 1442 canon
375 1397 504 1464 quoque
527 1377 741 1445 meminisset.
788 1376 853 1446 Sed
876 1379 940 1446 etsi
963 1379 1039 1444 aliis
1074 1377 1191 1465 jejunii
1228 1376 1344 1445 diebus
1367 1378 1500 1447 scilicet

248 1460 306 1531 SS.
330 1462 570 1551 Apostolorum
593 1465 689 1532 Petri
723 1471 758 1533 et
785 1466 894 1548 Pauli,
930 1465 1139 1533 dormitionis
1162 1464 1400 1534 Sanctissimae
1421 1467 1501 1534 Dei·

246 1571 358 1704 ffme'
383 1555 419 1618 et
440 1551 576 1620 Natalis
599 1552 724 1621 Christi
744 1553 1016 1641 jejunaverimus,
1039 1555 1166 1657 pudore
1189 1575 1255 1621 non
1278 1552 1496 1622 afficiemur‘

282 1640 335 1706 inc
357 1646 492 1727 praeter
511 1640 676 1728 jejunium
699 1641 1006 1729 Quadragesimale,
1041 1649 1122 1709 rtem
1144 1641 1263 1709 teriam
1286 1648 1441 1727 quartam
1464 1648 1501 1710 at

248 1731 376 1794 sextam
421 1735 579 1796 consueta
625 1728 734 1797 adhuc
766 1737 846 1798 sunt
879 1730 915 1799 iu
937 1730 1089 1798 Ecclesia
1134 1727 1301 1798 Orientali
1343 1729 1500 1818 jejunia:

247 1813 451 1884 Nativitatis
494 1816 628 1885 Domini
651 1839 672 1883 a
694 1817 748 1885 die
770 1818 927 1906 Apostoli
957 1817 1107 1921 Philippi
1141 1839 1200 1886 seu
1223 1818 1275 1885 16.
1299 1817 1501 1888 Novembris

247 1923 353 1992 usque
375 1904 483 1971 asam
507 1905 700 1974 Decembris
721 1927 779 1973 seu
806 1906 1030 1992 Natiuitatis3
1072 1913 1152 1974 ntem
1176 1905 1234 1974 SS.
1257 1907 1502 2009 Apostolorum

247 1991 343 2060 Petri
366 1998 400 2058 et
422 1991 530 2074 Pauli,
554 2015 574 2061 a
597 1994 681 2060 feria
703 1996 848 2062 secunda
891 2001 969 2082 post
1012 1993 1219 2061 Dominieam
1254 2015 1394 2084 primam
1418 2001 1500 2083 post

248 2081 469 2147 Pentecosten
492 2102 597 2170 usque
620 2081 744 2150 festum
767 2083 1028 2172 Apostolorum;
1065 2082 1328 2150 Obdormitionis
1354 2083 1436 2150 itam
1457 2083 1500 2150 B.

248 2168 377 2236 Mariae
400 2166 552 2256 Virginis
574 2190 594 2235 a
618 2169 671 2237 1·a
694 2173 842 2257 Augusti
864 2191 970 2258 usque
995 2171 1101 2238 lli-am
1125 2170 1284 2258 ejusdem,
1335 2191 1410 2238 arro
1427 2169 1502 2238 dies

248 2255 464 2324 exaltationis
487 2265 623 2325 sanctae
638 2259 754 2340 crucis,
778 2264 813 2325 et
836 2258 1068 2326 decollationis
1091 2258 1124 2325 S.
1148 2256 1290 2327 Jcannis
1311 2193 1501 2346 baptistae.

248 2462 283 2557 ξ.
315 2458 408 2540 147.
436 2458 500 2540 De
533 2460 658 2543 modo
682 2458 919 2565 jejunandi
958 2459 1005 2542 in
1046 2459 1241 2543 Ecclesia
1268 2458 1500 2541 Orientali.

344 2604 464 2673 Graeci
508 2605 609 2673 etiam
655 2604 871 2692 distinguunt
907 2605 998 2673 iuter
1021 2605 1261 2673 abstinentiam
1284 2610 1318 2672 et
1342 2605 1502 2674 strictum

245 2693 417 2781 jejunium,
438 2699 472 2760 et
496 2693 586 2761 iuter
609 2694 679 2762 dias
702 2693 958 2762 abstinentiales
975 2700 1011 2762 et
1030 2692 1217 2783 jejunales3
1242 2693 1502 2763 abstinentiales

247 2787 328 2848 sunt
361 2805 390 2848 v·
423 2804 455 2867 g.
493 2780 563 2848 dias
598 2780 737 2849 Sabbati
761 2789 795 2848 et
818 2782 952 2848 Domini
976 2805 1036 2870 per
1069 2788 1175 2848 totam
1199 2781 1500 2869 quadragesimam,

249 2875 385 2970 excepto
410 2868 557 2936 Sabbata
580 2876 696 2936 sancto
720 2869 872 2957 paschae,
896 2870 954 2958 qui
977 2870 1097 2937 stricte
1113 2869 1350 2957 jejunaliaest.
1376 2869 1503 2938 Diebus

247 2956 481 3037 abstruentiae,
506 2956 741 3024 abstinendum
765 2957 973 3044 estquidam
997 2981 1015 3024 a
1039 2958 1120 3026 cibis
1143 2957 1334 3026 carnalibus
1357 2963 1392 3024 et
1415 2957 1504 3025 veti·

248 3045 305 3126 tis,
329 3043 388 3110 sed
411 3045 568 3112 comestio
591 3044 695 3112 toties
728 3044 861 3132 quoties
894 3045 1041 3114 admissa
1073 3050 1149 3131 est;
1174 3044 1292 3112 diebus
1314 3044 1434 3112 stricte
1452 3045 1504 3134 je·

248 3131 418 3219 junahbus
442 3134 537 3200 unica
562 3155 621 3222 per
643 3132 728 3201 diem
752 3132 901 3215 refectio,
940 3139 974 3202 et
1009 3135 1141 3222 quidem
1176 3133 1396 3201 determinato
1417 3139 1504 3200 tem·

248 3241 336 3309 pore,
360 3242 426 3287 nou
450 3227 529 3289 ante
552 3222 667 3289 horam
701 3243 821 3290 nonam
856 3245 916 3289 seu
947 3227 1085 3290 tertiam
1123 3220 1394 3311 pomeridianam,
1426 3243 1504 3289 uum

248 3309 455 3377 abstinentia
492 3331 512 3376 a
547 3309 630 3378 cibis
676 3309 794 3377 vetitis
838 3312 1097 3398 praescribitnr;
1143 3309 1210 3376 imo
1244 3309 1281 3376 in
1318 3330 1504 3398 parasceve

247 3395 396 3465 Paschae
419 3418 479 3464 seu
501 3397 556 3465 die
578 3419 698 3484 magno
722 3399 864 3466 Veneris
887 3399 1025 3467 reiectio
1049 3419 1153 3488 usque
1176 3419 1328 3466 occasum
1351 3396 1434 3465 solis
1448 3404 1504 3466 est

249 3484 441 3553 differenda.
486 3485 672 3554 Abstinant
709 3491 821 3556 autem
856 3487 1037 3556 orientales
1072 3510 1139 3555 uon
1166 3486 1263 3553 modo
1287 3508 1307 3552 a
1329 3485 1502 3569 carnibus,

248 3573 307 3642 sed
342 3579 378 3641 et
410 3573 599 3656 lacticiniis,
646 3577 728 3657 ovis,
763 3576 827 3641 imo
853 3583 897 3643 ‘et
933 3575 1079 3665 piscibus
1122 3573 1289 3664 imprimis
1316 3573 1353 3640 in
1372 3573 1505 3662 J'ejuuio

249 3660 531 3749 Quadragesimae
553 3668 589 3732 et
611 3663 864 3731 obdormitionis
887 3665 925 3731 B.
950 3665 1078 3732 Mariae
1093 3662 1258 3750 Virginis.
1276 3661 1506 3752 Excipiuntur

248 3756 360 3818 autem
382 3773 444 3854 per
467 3751 631 3818 Canonem
677 3754 780 3840 aegri,
804 3752 839 3818 hi
862 3755 948 3818 enim
983 3758 1023 3820 ut
1046 3757 1143 3819 notat
1188 3749 1368 3818 Balsamon
1390 3749 1420 3817 si
1443 3773 1507 3839 per

248 3839 356 3928 pisces
379 3838 542 3926 Jejuuium
564 3840 709 3922 solvant,
734 3841 781 3907 eis
806 3841 903 3908 venia
927 3841 1038 3922 datur,
1062 3861 1122 3929 per
1144 3859 1277 3906 carnem
1300 3843 1411 3907 autam
1435 3861 1506 3906 non

248 3927 359 3994 solvet
380 3929 552 4015 quisquam
577 3926 710 3995 etiamsi
733 3933 918 3995 extremum
942 3929 1099 4018 spiritum
1123 3931 1213 4015 agat.
1231 3927 1377 3996 Zonaras
1390 3934 1506 3994 autem

248 4015 409 4082 adnotat:
433 4016 681 4104 Dispensantur
704 4039 723 4083 a
744 4015 882 4103 jejunio,
906 4020 962 4106 qui
985 4019 1027 4084 ob
1052 4015 1319 4084 imbecillitatem
1354 4015 1507 4104 corporis

246 4103 399 4188 jejunare
420 4127 486 4170 non
511 4110 659 4191 possunt.
683 4104 770 4173 Nam
789 4103 956 4192 jejunium
986 4105 1053 4173 init
1076 4103 1305 4172 introductum
1329 4104 1372 4170 ad
1395 4103 1506 4170 humi·

248 4191 422 4258 linitionem
466 4192 600 4278 carnis3
647 4192 787 4281 quodsi
811 4199 922 4259 autem
958 4215 1035 4259 caro
1069 4192 1191 4272 morbo,
1224 4191 1279 4258 vel
1300 4191 1367 4259 alia
1390 4189 1508 4280 aliqua

248 4279 445 4348 infirmitate
468 4281 606 4361 laboret,
632 4281 692 4348 illa
716 4303 761 4368 ex,
794 4281 905 4370 ejunio
929 4280 1119 4348 humiliatio
1143 4279 1331 4349 necessaria
1354 4301 1421 4348 non
1439 4287 1507 4348 est.

346 4368 512 4437 Observat
556 4369 712 4437 Pidalion
749 4305 791 4435 ad
826 4368 991 4437 Canonem
1016 4369 1141 4436 LXVI.
1166 4369 1224 4437 SS.
1248 4367 1508 4456 Apostolorum,

249 4453 336 4544 quod
360 4456 387 4522 si
412 4457 544 4544 quidem
569 4458 685 4524 diebus
709 4457 854 4526 Mercuri
889 4462 924 4523 et
960 4457 1102 4527 Veneris
1135 4458 1185 4524 ita
1205 4455 1422 4545 jelunandum
1447 4459 1508 4540 sit,

249 4545 337 4611 sicut
360 4543 476 4612 diebus
500 4546 783 4634 quadragesimae,
819 4546 852 4611 in
876 4544 939 4612 hac
961 4551 1073 4613 autem
1116 4546 1214 4632 ‚juxta
1237 4545 1402 4616 Cononem
1425 4543 1510 4614 LII.

248 4631 472 4700 Laodicenum
520 4636 657 4700 vetitum
692 4640 744 4700 eat
774 4633 908 4720 nuptias
954 4635 1131 4715 celebrare,
1170 4633 1220 4700 ita
1262 4633 1364 4701 etiam
1387 4631 1512 4704 diebus

249 4719 391 4788 Mercuri
417 4730 452 4789 at
476 4721 639 4806 Veneris,
691 4724 825 4810 insuper
859 4721 945 4809 quod
982 4723 1142 4809 conjuges
1173 4717 1446 4809 quemadmodum
1471 4721 1513 4789 in
