3420 5358
862 340 926 408 232

785 437 989 446 w

266 559 329 626 XI.
355 558 426 624 dics
450 558 625 646 poenitens
647 561 692 626 sit
728 562 870 649 inpane
904 569 938 629 et
972 585 1067 648 aque.
1106 563 1170 645 Qui
1208 572 1359 647 parentes
1393 561 1514 646 injuria

267 649 425 727 affecerit,
449 657 519 714 tres
542 669 656 714 annos.
686 649 753 732 Qui
775 655 931 738 parentes
953 653 1164 740 percusserit,
1189 671 1293 716 annos
1317 655 1455 736 septem.
1479 648 1514 715 Si

267 735 342 824 quis
365 739 482 802 contra
505 738 703 824 episcopum,
727 738 910 818 Pastorem,
936 745 971 804 et
992 739 1128 804 Patrem
1151 761 1246 804 snum
1281 737 1515 817 insurrexerit,

267 825 304 890 in
325 823 529 890 Monasterio
553 825 704 891 omnibus
728 825 819 894 vitae
843 848 923 892 suae
946 827 1062 894 diebus
1085 825 1328 914 poenitentiam
1353 831 1443 912 agat.
1476 824 1512 890 Si

267 911 342 996 quis
364 911 532 1000 Episcopi,
557 919 617 978 aut
640 912 872 980 Ministrorum
896 915 978 1002 ejus,
1002 915 1055 980 vel
1078 913 1220 981 Parochi
1252 913 1314 978 sui
1340 917 1516 1000 praecepta

268 999 515 1088 contempserit,
542 1000 593 1066 vel
617 999 772 1083 irriserit,
795 1002 1036 1091 poenitentiam
1060 1008 1141 1089 agat
1164 1001 1234 1068 dies
1257 1001 1319 1067 XI.
1364 1001 1401 1066 in
1434 1022 1517 1088 pane

268 1094 303 1155 et
325 1109 421 1172 aqua.

363 1219 420 1286 Ad
442 1219 477 1305 ὅ)
499 1220 659 1308 Decalogi
682 1225 904 1310 praeceptum.
951 1221 1018 1304 Qui
1063 1221 1303 1308 Presbyterum
1349 1220 1518 1302 occiderit,

267 1307 512 1397 poenitentiam
534 1315 615 1396 agat
638 1312 734 1376 annis
756 1309 836 1376 XII.
861 1309 898 1375 Si
921 1310 995 1398 quis
1018 1315 1129 1375 autem
1175 1308 1332 1376 occiderit
1377 1315 1517 1397 patrem,

268 1401 421 1477 matrem,
446 1395 584 1462 fratrem
609 1403 643 1464 et
666 1420 821 1478 sororem,
846 1400 920 1464 tota
944 1399 1016 1463 vita
1038 1397 1210 1463 abstineat
1233 1418 1251 1460 a
1276 1418 1374 1462 carne
1388 1399 1517 1478 etvino,

266 1484 396 1572 jejunet
420 1484 564 1550 secunda
587 1492 708 1573 quarta
731 1493 765 1552 et
789 1485 1000 1565 scortatoris,
1025 1490 1060 1551 et
1084 1485 1148 1550 nisi
1180 1485 1215 1549 in
1239 1507 1346 1570 agone
1391 1507 1519 1551 sacram

269 1572 538 1640 Communionem
561 1573 735 1662 percipiat.
759 1573 891 1660 Siquis
916 1573 1077 1662 hominem
1103 1571 1271 1652 occiderit,
1318 1572 1361 1637 ad
1382 1572 1522 1660 januam

269 1660 440 1728 Ecclesiae
463 1683 591 1749 semper
615 1663 689 1742 erit,
714 1667 748 1728 et
770 1663 805 1727 in
829 1662 924 1727 obitu
947 1666 1079 1727 tantum
1105 1661 1374 1728 Communionem
1420 1662 1522 1748 perci·

295 1749 352 1814 iet.
380 1747 445 1830 Qui
470 1747 607 1816 oonsilio
622 1749 791 1816 homicidii
815 1757 931 1816 auctor
954 1746 1032 1829 fuit,
1057 1755 1185 1836 septem
1209 1771 1313 1814 annos
1324 1749 1522 1836 poenitebit.

270 1771 395 1903 Ilulier
417 1843 536 1924 sponte
558 1839 712 1904 abortum
735 1837 870 1918 faciens,
895 1839 1064 1924 poeniteat
1086 1859 1191 1902 annos
1215 1845 1305 1922 tres,
1329 1837 1360 1902 si
1396 1837 1522 1918 nolens,

271 1923 538 2012 quadragesimas
555 1929 634 1991 tres.
659 1925 694 1991 Si
717 1928 790 2012 quis
813 1948 872 2013 per
895 1927 979 1991 iram
1003 1925 1158 2005 subitam,
1175 1929 1244 1990 “aut
1267 1924 1301 1988 in
1324 1923 1399 1990 rixa
1424 1925 1524 1991 homi·

270 2033 345 2078 nem
368 2011 506 2093 necarit,
530 2013 715 2099 poenitebit
738 2036 842 2079 annos
865 2019 944 2080 tres.
970 2013 1005 2079 Si
1029 2013 1103 2100 quis
1129 2011 1231 2077 alium
1272 2012 1522 2094 'vulneraverit

271 2099 327 2166 vel
362 2099 497 2184 aliquod
534 2102 713 2168 membrum
738 2101 950 2190 praeciderit,
980 2099 1221 2188 poenitentiam
1245 2106 1325 2187 aget
1347 2123 1414 2166 uno
1438 2123 1524 2167 anno

273 2210 333 2276 per
355 2187 526 2274 legitimas
549 2188 659 2256 ferias.
685 2190 720 2258 Si
744 2191 818 2278 quis
843 2189 1006 2256 hominem
1030 2190 1244 2278 percusserit,
1277 2210 1336 2254 neo
1360 2191 1390 2254 ei
1427 2211 1525 2256 noeu-

271 2279 344 2356 erit,
379 2275 491 2342 triduo
514 2279 757 2364 poenitentiam
780 2284 861 2362 agat
885 2277 918 2342 in
943 2299 1028 2364 pane
1052 2283 1200 2360 etaqua.

367 2386 420 2454 Ad
443 2386 477 2471 6)
500 2386 663 2473 Decalogi
686 2393 907 2474 praeceptum.
933 2386 969 2452 Si
998 2385 1104 2452 laicus
1127 2386 1259 2452 solutus
1297 2407 1371 2452 oum
1409 2388 1524 2454 soluta

271 2474 486 2542 concubuerit
509 2476 748 2560 poenitentiam
772 2483 851 2562 aget
874 2475 970 2544 annis
994 2476 1111 2540 tribus.
1138 2474 1205 2558 Qui
1236 2475 1445 2562 turpiloquio
1470 2477 1525 2542 vel

271 2567 409 2650 aspectu
431 2562 596 2650 polluitur
618 2564 803 2650 negligens,
839 2563 1080 2651 poenitentiam
1118 2569 1197 2649 aget
1236 2561 1305 2628 XX
1336 2563 1417 2629 dies.
1455 2565 1522 2648 Qui

271 2673 344 2718 cum
368 2671 469 2716 uxore
493 2673 551 2716 sua
574 2654 722 2739 turpiter
745 2651 971 2731 concubuerit,
996 2651 1169 2737 poenitens
1192 2651 1260 2716 erit
1282 2649 1336 2716 XI
1359 2651 1441 2717 dies.
1455 2652 1520 2735 Qui

272 2761 344 2805 curn
369 2738 497 2804 duabus
522 2740 701 2825 sororibus,
726 2747 786 2806 aut
810 2761 883 2804 cnm
907 2738 978 2804 filla
1002 2738 1170 2826 spirituali
1194 2739 1381 2804 fornicatus
1405 2740 1520 2822 fuerit,

272 2825 513 2914 poenitentiam
537 2833 616 2913 aget
640 2834 714 2894 tota
737 2850 797 2893 sua
821 2827 903 2891 vita.
929 2826 997 2908 Qui
1020 2829 1185 2894 incestum
1209 2849 1273 2893 non
1298 2829 1346 2891 ita
1358 2849 1523 2894 enormem

274 2914 484 2994 commiserit,
508 2916 682 3002 poenitens
706 2917 771 2981 erit
803 2913 884 2979 XII.
917 2914 1023 2979 annis.
1059 2914 1095 2981 Si
1129 2937 1193 3002 qua
1229 2913 1348 2980 mulier
1383 2937 1526 2997 cerussa,

275 3003 405 3090 alioque
427 3003 596 3088 pigmento
622 3025 657 3069 se
681 3001 906 3083 seoblinivit,
930 3010 969 3067 ut
1005 3002 1082 3068 aliis
1118 3005 1198 3068 viris
1234 3003 1375 3105 placeat,
1411 3005 1527 3157 poeni-

275 3092 418 3157 tentiam
437 3097 517 3174 aget
540 3111 644 3157 annos
668 3099 747 3157 tres.
772 3079 811 3158 Si
833 3093 905 3177 quis
919 3089 1120 3156 adulterium
1156 3091 1368 3173 oommmerit,
1435 3114 1526 3158 eoen·

272 3180 384 3263 nium;
408 3177 438 3244 si
462 3184 573 3244 sutem
598 3178 723 3263 osculo,
747 3179 819 3246 sive
844 3179 995 3267 amplexu
1017 3178 1354 3267 impudicopeccavit,
1381 3181 1527 3266 triginta

272 3266 343 3334 dies
354 3268 551 3355 poenitebit.
918 3267 920 3280 '

368 3376 423 3444 Ad
448 3378 482 3463 7)
505 3375 667 3462 Decalogi
689 3381 923 3465 praeceptum:
956 3376 992 3442 Si
1025 3377 1099 3464 quis
1133 3377 1240 3442 minus
1277 3375 1407 3464 furtum
1442 3399 1527 3444 com·

273 3464 376 3546 misit,
402 3465 644 3552 poenItentiam
668 3471 746 3552 aget
770 3487 893 3530 annum
915 3487 1027 3531 unum.
1053 3465 1088 3532 Si
1113 3465 1186 3549 quis
1211 3487 1250 3530 ex
1271 3463 1427 3554 Ecclesia
1455 3465 1528 3532 sub·

272 3556 423 3640 ripnerit,
448 3576 553 3619 annos
577 3562 713 3641 septem.
739 3553 805 3636 Qui
827 3576 947 3618 usuras
971 3554 1101 3641 accipit,
1127 3553 1278 3640 rapinam
1302 3552 1394 3634 facit,
1412 3556 1524 3641 poeni-

273 3642 413 3708 tentiam
438 3648 519 3728 aget
542 3642 638 3707 annis
661 3642 782 3721 tribus,
806 3663 872 3706 uno
896 3642 1040 3729 inpane
1065 3650 1099 3708 et
1122 3663 1217 3729 aqua.

367 3752 423 3818 Ad
446 3751 481 3838 8)
503 3751 665 3837 Decalogi
688 3756 921 3838 praeceptum:
946 3751 1013 3834 Qui
1037 3752 1122 3817 falso
1157 3749 1351 3818 testimonio
1389 3773 1522 3818 eonsen-

272 3839 365 3920 serit‚
388 3841 562 3928 poenitens
586 3841 651 3905 erit
675 3862 777 3904 annos
799 3840 952 3927 quinque.
976 3840 1150 3906 Falsarius
1174 3841 1208 3906 in
1231 3860 1317 3925 pane
1358 3846 1393 3904 et
1427 3861 1520 3928 aqua,

272 3934 346 3994 tota
368 3932 440 3993 vita
463 3926 702 4014 poenitentiam
728 3935 817 4012 aget.
842 3927 878 3992 Si
902 3929 976 4014 quis
999 3928 1147 4014 proximo
1173 3928 1372 4007 detraxerit,
1400 3942 1402 3948 '
1411 3930 1521 4015 poeni-

273 4022 345 4082 teat
368 4016 437 4082 dies
460 4021 587 4105 septem
610 4017 644 4080 in
667 4037 752 4102 pane
775 4019 809 4080 et
840 4037 934 4103 aqua.

367 4126 423 4192 Ad
447 4126 476 4191 9.
501 4131 535 4192 et
560 4125 614 4212 10)
638 4124 798 4209 Decalogi
833 4131 1063 4212 praeceptum:
1101 4126 1184 4192 Rem
1224 4125 1366 4192 alienam
1399 4125 1527 4192 nefarie

273 4215 515 4302 concupiscens,
540 4225 575 4279 et
598 4235 728 4292 avarus,
753 4213 927 4299 poenitens
953 4214 1017 4278 erit
1041 4214 1137 4278 annis
1159 4215 1281 4281 tribus.
1307 4214 1432 4301 Siquis
1450 4236 1522 4281 con·

273 4302 413 4390 cupiscit
435 4301 605 4382 fornicari,
628 4302 803 4390 poenitens
828 4303 892 4367 erit
916 4307 1010 4366 annis
1036 4301 1173 4370 duobus.

445 4479 490 4565 Β)
517 4483 666 4544 Canones
685 4481 932 4564 poenitentiales
966 4481 1132 4546 Ecclesiae
1160 4482 1349 4546 Orientalis.

368 4611 409 4679 In
432 4611 582 4680 Ecclesia
626 4611 794 4679 Orientali
816 4610 965 4677 Canones
990 4611 1022 4678 S.
1057 4612 1176 4678 Basilii
1213 4612 1326 4698 Magni
1368 4612 1526 4680 Godioem

273 4700 545 4787 poenitentialem
570 4701 828 4780 constituebant,
854 4699 1036 4785 exquibus
1061 4699 1189 4787 aliquos
1204 4699 1344 4788 exempli
1359 4700 1526 4766 adinstar
