3476 5366
235 529 272 592 et
295 521 423 589 hostias
446 520 639 609 spirituales
671 523 736 590 tibi
773 523 901 606 offerre,
933 523 1156 627 populumque
1196 528 1291 594 tuum
1314 544 1373 611 per
1395 522 1486 590 lava·

234 631 328 679 crum
350 609 614 698 regenerationis
636 611 798 679 secundae
820 613 1024 680 remissionis
1043 617 1254 702 peccatorum
1292 610 1482 680 innovare.‘

233 791 269 885 ἓ.
303 785 397 869 145.
424 787 488 868 De
510 786 614 894 jure
634 789 1004 894 Presbyterorum
1017 787 1188 891 ligandi
1204 789 1248 870 et
1275 787 1485 889 solvendi,

531 937 609 995 seu
637 915 896 998 absolvendi
932 914 1188 1020 apeccatis.

331 1059 538 1149 Interprctes
572 1060 740 1128 (Iunonum
776 1061 957 1129 orientales
988 1060 1043 1150 jus
1072 1059 1350 1149 Presbyterorum
1380 1059 1487 1128 absol·

235 1146 337 1213 vendi
361 1170 380 1212 a
402 1148 549 1238 peccatis
572 1147 681 1216 adhuc
703 1151 811 1237 magis
868 1172 943 1216 uam
968 1149 1021 1235 jus
1045 1148 1183 1214 docendi
1207 1153 1484 1235 controvertunt;

232 1235 285 1302 sic
306 1235 494 1317 Balsamon,
519 1237 560 1302 ad
584 1237 751 1304 (lenonem
774 1238 808 1304 X
863 1237 1038 1305 ‚Concilii
1073 1235 1373 1317 Neocaesariensis,
1397 1239 1486 1326 apud

230 1323 454 1410 Beveregium
477 1347 552 1414 pag.
576 1325 651 1391 413.
677 1325 808 1416 inquit:
837 1326 945 1406 ,Nota
969 1345 1048 1411 ergo
1081 1347 1122 1391 ex
1144 1325 1205 1390 hoo
1228 1324 1372 1406 Oenone,
1397 1326 1486 1412 quod

231 1411 333 1478 etiam
346 1409 542 1479 Sacerdotes
556 1435 620 1480 non
644 1419 787 1503 possunt
809 1413 1032 1480 confessiones
1047 1419 1256 1501 peccatorum
1277 1413 1427 1502 excipere
1449 1421 1485 1480 et

229 1505 370 1588 peccata
414 1501 594 1582 remittere,
629 1501 694 1568 nisi
716 1501 752 1567 id
775 1502 816 1568 ab
853 1501 1019 1591 Episcopo
1056 1501 1136 1590 ipsis
1160 1522 1349 1567 concessum
1372 1500 1485 1584 tuerit,

230 1587 498 1676 quandoquidem
521 1589 583 1655 hoc
605 1611 665 1656 nec
691 1589 924 1680 chorepiscopi
962 1597 1113 1678 possunt,
1148 1588 1206 1677 qui
1239 1595 1352 1654 tamen
1386 1589 1484 1678 plura

231 1677 359 1742 babent
380 1677 558 1764 privilegia
581 1699 681 1765 quam
705 1677 909 1745 Sacerdotes.
936 1676 1033 1761 Quod
1055 1685 1168 1743 autem
1199 1677 1415 1764 septuaginta
1438 1678 1486 1744 di·

231 1763 357 1850 scipuli
391 1765 526 1830 Domini
559 1788 625 1832 ncu
660 1766 839 1833 habuerint
874 1767 1072 1834 facultatem
1106 1764 1301 1830 dimittendi
1334 1773 1482 1854 peccata,

229 1851 360 1918 clarum
383 1859 497 1930 estex
519 1852 622 1920 Libro
660 1856 823 1920 Actorum
863 1855 1113 1943 Apostolorum,
1145 1853 1179 1918 in
1213 1875 1278 1941 quo
1312 1853 1483 1936 scribitur,

227 1939 424 2029 Philippum
447 1963 465 2008 e
488 1947 614 2031 septem
636 1941 795 2009 Diaconis
818 1965 921 2010 unum
955 1939 1162 2009 descendisse
1185 1940 1221 2007 in
1244 1939 1427 2008 Samariam
1451 1950 1486 2010 et

228 2028 422 2117 baptizasse
445 2029 588 2114 multos;
612 2031 653 2098 ad
677 2053 760 2119 qnos
784 2030 946 2098 miserunt
979 2029 1138 2120 Apostoli
1162 2029 1301 2096 Petrum
1325 2036 1360 2096 et
1382 2030 1485 2097 Joan·

226 2139 316 2197 nem,
340 2117 396 2205 qui
419 2117 550 2207 quidem
573 2140 611 2184 eo
634 2119 775 2208 profecti
805 2120 1034 2206 imposuerunt
1066 2140 1183 2184 manus
1219 2117 1273 2198 iis,
1297 2118 1354 2206 qui
1378 2118 1485 2207 bapti-

228 2205 304 2271 zati
325 2205 480 2292 fuerant;
506 2213 541 2272 et
564 2215 763 2297 acceperunt
796 2202 959 2296 Spiritum
994 2207 1161 2287 Sanctum,
1185 2208 1220 2272 in
1243 2205 1373 2272 nullum
1396 2207 1485 2274 enim

225 2315 345 2360 eorum
367 2293 475 2361 adhuc
499 2294 744 2362 descenderat‘
784 2294 851 2378 Qui
884 2296 1018 2362 interim
1042 2295 1134 2361 locus
1159 2316 1198 2361 ex
1221 2294 1366 2360 Actibus
1391 2296 1479 2384 Apo·

225 2381 393 2448 stolorum
422 2404 483 2470 per
522 2383 699 2450 Ductorem
733 2383 934 2452 Graecorum
968 2383 1199 2450 Balsamonem
1233 2382 1414 2468 incongrue
1436 2381 1480 2449 ad

225 2469 470 2538 absolutionem
505 2493 525 2536 a
559 2472 704 2561 peccatis
738 2471 935 2561 applicatur,
971 2495 1044 2540 cum
1067 2493 1127 2560 per
1149 2471 1358 2559 Baptismum
1382 2470 1481 2559 plena

225 2557 422 2625 conferatur
445 2561 589 2627 omnium
612 2567 822 2648 peccatorum
845 2560 1005 2641 remissio,
1030 2567 1064 2626 et
1087 2560 1212 2626 citatus
1238 2557 1331 2625 locus
1356 2558 1396 2624 de
1418 2560 1484 2626 col·

224 2645 357 2712 latione
394 2646 602 2714 Sacramenti
631 2648 899 2716 Confirmationis
931 2649 1107 2736 Episcopis
1151 2646 1286 2736 propria
1332 2646 1483 2733 intelligi

225 2733 361 2801 debeat.
384 2774 427 2785 -
443 2735 516 2816 ‚sed
539 2743 574 2802 et
602 2737 674 2822 ipse
698 2738 898 2803 novissimus
935 2737 1039 2804 codex
1061 2736 1231 2804 Canonum
1254 2735 1403 2803 Graecus
1426 2735 1482 2802 Pi·

222 2821 342 2889 dalion
363 2823 399 2888 in
422 2823 513 2891 Nota
542 2829 570 2909 1)
594 2825 637 2889 ad
660 2824 825 2893 Cononem
859 2825 1023 2904 XXXIX,
1059 2825 1116 2890 SS.
1163 2823 1406 2910 Apostolorum
1430 2846 1478 2890 se-

223 2913 367 3000 quentia
389 2913 498 2998 qnoad
521 2912 583 2980 hoc
612 2913 777 3001 objectum
801 2914 927 2980 tradit:
966 2915 1167 3000 ,Propterea
1197 2912 1391 2998 Presbyteri
1416 2933 1478 3000 per

222 2999 361 3066 literam
383 2999 543 3089 Episcopi
566 3008 600 3066 ct
624 3001 832 3068 voluntatem
871 3002 1040 3089 accipiunt
1071 3002 1112 3067 ab
1147 3001 1313 3089 Episcopo
1336 2999 1477 3066 faculta-

221 3092 296 3154 tem
320 3087 447 3172 ligandi
468 3094 505 3154 et
527 3088 695 3156 solvendi:
734 3090 813 3178 quia
836 3089 996 3157 habentes
1021 3091 1054 3155 hi
1075 3088 1208 3156 interne
1230 3088 1266 3153 in
1289 3087 1482 3155 Sacerdotio

223 3182 432 3266 potestatem
455 3177 724 3265 comprehensam
770 3178 965 3244 remittendi
995 3184 1029 3244 ct
1051 3176 1219 3243 retinendi
1235 3183 1390 3329 peccata,
1417 3197 1477 3263 per

222 3267 314 3332 hanc
335 3263 531 3332 facultatem
555 3271 589 3330 et
611 3265 811 3353 scripturam
841 3265 1000 3354 Episcopi
1035 3264 1191 3332 obtinent
1213 3285 1232 3328 a
1258 3263 1322 3330 huo
1345 3272 1381 3330 et
1403 3285 1478 3352 ope·

221 3354 390 3418 rationem
413 3352 515 3439 hujus
538 3354 665 3439 negotii
688 3353 884 3441 spiritualis.
914 3353 1056 3420 Interim
1087 3353 1201 3440 plures
1223 3350 1386 3439 Episcopi
1409 3373 1476 3418 non

221 3439 336 3508 solum
357 3463 417 3528 per
438 3441 648 3529 scripturam,
673 3440 788 3508 sedet
819 3462 1057 3529 permarinum
1092 3439 1338 3529 impositionem
1363 3445 1480 3508 creant

222 3527 418 3617 spirituales
441 3529 571 3609 Patres,
596 3529 684 3618 qnod
707 3537 759 3596 eet
792 3529 897 3596 multo
931 3531 1090 3610 securius,
1114 3536 1149 3595 et
1172 3528 1300 3594 nullam
1321 3527 1479 3596 inconve-

221 3619 386 3684 nientiam
408 3616 531 3704 gignit.
556 3616 643 3700 Quia
667 3639 822 3684 manuum
866 3617 1037 3707 impositio
1072 3623 1125 3684 est
1146 3615 1399 3684 communicatio
1423 3617 1476 3684 be·

222 3704 436 3787 nedictionis,
483 3705 663 3772 secundum
707 3705 883 3774 Tarasium
916 3714 951 3774 et
986 3704 1159 3796 Synodum
1181 3704 1258 3773 VII.
1305 3703 1410 3792 (Nota
1433 3703 1477 3772 ad

222 3791 309 3897 ¹Gan.
332 3792 429 3862 VIII.
454 3799 489 3862 et
510 3793 636 3883 XXX.)
660 3800 695 3900 et
718 3795 848 3863 confert
891 3796 1037 3882 gratiam
1060 3794 1290 3884 spiritualem;
1314 3792 1478 3949 {Effer

221 3881 1331 4060 ttttttftttttttattttttttttttttdahti,
1348 3888 1471 4036 tuit

221 4059 279 4138 iis,
304 4080 385 4146 quos
406 4059 526 4126 Patres
549 4061 742 4148 spirituales
765 4060 1023 4150 (confessarios)
1041 4059 1262 4139 constituunt,
1276 4065 1345 4124 tam
1367 4057 1477 4126 relate

221 4146 267 4212 ad
292 4147 425 4214 illorum
448 4150 657 4229 sententiam,
682 4172 722 4215 ex
745 4150 1026 4235 quibusestunus
1050 4148 1182 4215 Simeon
1202 4144 1477 4214 Thessalonicen·

221 4238 283 4315 sis,
308 4233 366 4324 qui
389 4235 502 4302 dicunt
542 4236 865 4325 perordinationem
890 4260 955 4305 uon
986 4236 1131 4304 conferri
1154 4234 1254 4302 simul
1276 4237 1479 4325 potestatem

220 4322 359 4410 ligandi
381 4331 415 4390 et
437 4325 600 4406 solvendi,
625 4325 683 4392 sed
706 4326 770 4393 soli
793 4326 951 4416 Episcopi
986 4347 1056 4392 curu
1080 4324 1226 4410 habent;
1249 4345 1349 4411 qnam
1372 4319 1478 4388 etiam

219 4413 336 4482 relato
358 4411 400 4478 ad
421 4411 509 4494 illos,
532 4417 588 4502 qui
611 4419 765 4480 asserunt
788 4419 989 4503 potestatem
1012 4414 1046 4480 in
1071 4411 1281 4478 ordinatione
1304 4414 1476 4499 acceptam

217 4521 287 4659 per
309 4501 553 4603 impositionem
575 4523 731 4570 manuum
742 4502 901 4594 Episcopi
924 4501 1130 4658 operativum
1158 4499 1291 4604 reddi‘·
1330 4498 1384 4566 Ex
1407 4499 1477 4582 qui·

245 4610 291 4658 ns
314 4589 451 4658 audens
484 4593 546 4672 est,
581 4591 709 4680 aliquos
741 4614 780 4658 ex
810 4591 947 4660 Doctori
971 4613 1010 4658 us
1056 4588 1259 4658 Graecorum
1281 4611 1317 4655 rn
1340 4609 1379 4654 ea
1401 4607 1476 4654 esse

220 4677 413 4748 sententia:
438 4701 497 4768 per
520 4679 757 4748 ordinationem
780 4702 846 4747 non
869 4680 1012 4748 eorrferri
1026 4676 1238 4766 Presbyteris
1254 4674 1354 4744 simul
1371 4677 1473 4742 etiam
