3420 5358
851 409 917 476 262

783 503 989 520 m—-O-v-

265 655 326 722 pro
350 636 403 700 ter
426 633 616 700 continuam
638 634 887 720 generationem
917 630 1114 721 posterioris
1145 629 1417 720 apraeoedentc,
1439 630 1510 700 ideo

266 723 300 788 in
327 655 413 788 iinea
435 726 528 788 recta
552 723 799 810 computatione
811 721 974 808 graduum
998 742 1081 810 opus
1103 741 1169 787 uon
1192 723 1253 788 est.
1273 718 1391 803 Quoad
1414 719 1510 788 culla-

267 809 392 876 terelee
414 809 678 896 consanguineos
700 831 780 877 vero
804 809 1148 891 lineaetransversae,
1163 807 1297 875 diversa
1313 813 1366 876 cst
1385 829 1511 898 compu-

267 897 355 964 tatio
379 897 546 978 canonica,
571 919 669 985 qnam
692 898 799 965 latina
832 899 984 965 Ecclesia
1030 898 1196 976 observat,
1225 897 1512 984 acomputatione

266 986 350 1073 juris
384 985 494 1052 civilis
524 986 661 1064 romani,
695 1008 780 1074 quae
813 984 847 1052 in
871 985 1024 1053 Ecclesia
1062 983 1218 1053 orientali
1241 983 1429 1051 adhucdum
1452 1007 1513 1056 usu

270 1073 404 1163 vigeas)
428 1073 614 1140 Secundum
638 1073 707 1154 hoc,
731 1081 784 1142 tot
807 1082 888 1141 sunt
921 1073 1056 1160 gradus,
1091 1076 1174 1160 quot
1206 1076 1286 1138 sunt
1308 1094 1351 1140 ex
1373 1078 1514 1163 utroque

269 1162 375 1227 latere
398 1184 580 1252 personae;
605 1168 639 1228 et
662 1159 735 1227 ideo
759 1162 883 1229 fratrea
918 1169 953 1228 et
984 1183 1123 1241 sorores,
1148 1183 1220 1227 cum
1245 1160 1329 1227 duae
1353 1161 1423 1229 siut
1446 1183 1514 1252 per·

269 1272 378 1329 sonae,
403 1257 482 1316 sunt
506 1249 540 1316 in
563 1250 670 1337 gradu
700 1250 853 1330 secundo,
900 1249 1087 1318 consobrini
1123 1249 1157 1315 in
1181 1247 1290 1336 gradu
1312 1255 1444 1338 quarto,
1467 1273 1514 1317 so-

269 1337 356 1403 brini
380 1337 412 1402 in
437 1336 546 1424 gradu
568 1345 672 1419 sexto,
697 1339 903 1406 sobrinarum
926 1338 990 1404 filii
1013 1337 1049 1404 in
1080 1337 1188 1424 gradu
1212 1343 1340 1404 octavo.
1364 1336 1406 1404 In
1429 1336 1514 1404 linea

270 1431 382 1491 autem
406 1434 599 1492 transversa
622 1427 790 1511 inaequali
814 1428 921 1494 frater
951 1447 1024 1492 cum
1057 1425 1265 1506 consobrina,
1295 1429 1330 1491 et
1352 1427 1516 1494 consobri-

270 1536 333 1579 nus
358 1535 433 1580 cum
456 1534 569 1580 sorore
603 1514 637 1579 in
668 1514 776 1602 gradu
800 1515 912 1596 tertio,
959 1513 1112 1580 sobrinus
1146 1535 1219 1580 oum
1255 1513 1461 1596 consobrina,
1484 1521 1517 1581 et

271 1601 489 1669 consobrinus
512 1624 585 1669 cum
609 1603 742 1668 sobrina
774 1603 809 1669 in
841 1603 950 1690 gradu
984 1601 1111 1691 quinto,
1136 1607 1171 1669 et
1195 1600 1350 1670 sobrinus
1374 1624 1447 1670 cum
1470 1625 1515 1670 so·

270 1688 358 1758 brini
383 1688 454 1756 filia
477 1691 511 1756 in
534 1689 641 1777 gradu
665 1693 815 1781 septimo.
847 1691 952 1759 EG.

472 1823 565 1896 Stipes
584 1825 707 1881 ioannes
1111 1822 1204 1895 Stipes
1222 1822 1312 1880 Maria

476 1967 480 1972 Ι
565 1897 612 1952 hic
1178 1897 1249 1953 haec

545 1969 638 2039 genuit
1027 2027 1029 2032 ,
1092 1967 1185 2038 genuit
1201 1969 1325 2027 uterinos

525 2040 645 2112 (fratres)
1148 2041 1273 2112 (fratres)

425 2111 579 2184 losephum
596 2117 624 2168 et
641 2112 758 2168 Mariam
974 2109 1085 2166 Annam
1314 2112 1453 2169 ioannem

344 2184 391 2240 hio
762 2184 832 2238 haec
993 2184 1064 2239 haec
1365 2185 1414 2240 hic

361 2262 365 2318 l
490 2253 676 2327 (consobrini)
799 2257 804 2322 l
1028 2256 1033 2326 1
1121 2253 1307 2330 (Consobrini)
1384 2261 1389 2326 l

311 2328 404 2399 genuit
423 2327 532 2382 Annam
605 2329 698 2400 genuit
716 2327 868 2384 Antonium
958 2325 1119 2400 Philippum
1334 2328 1471 2384 Mariam

381 2401 452 2455 haec
735 2400 781 2456 hio
1000 2399 1047 2455 hic
1371 2402 1443 2455 haec

416 2475 420 2542 1
510 2471 642 2543 (Sobrini)
755 2474 759 2546 l
1026 2474 1030 2543 1
1155 2471 1291 2542 (Sobrini)
1398 2475 1402 2542 Ι

277 2546 370 2620 genuit
387 2545 478 2673 liliam
604 2545 699 2616 genuit
717 2544 870 2673 {arbanam
965 2542 1143 2670 Catplarinam
1359 2543 1471 2602 Petrum

407 2635 434 2673 io
744 2633 794 2673 aec
1036 2633 1085 2675 aec

313 2763 408 2832 genuit
426 2763 540 2820 Petrum
625 2761 720 2833 genuit
738 2759 869 2817 Elisabet.
961 2759 1115 2817 Paulinam.

350 2883 436 2947 Nuno,
461 2879 536 2934 Elias
560 2879 619 2932 vult
650 2880 751 2934 ducere
783 2878 885 2932 Barba·
975 2877 1063 2945 Nunc,
1100 2878 1197 2933 Petrus
1235 2877 1296 2934 vult
1320 2877 1422 2934 ducere
1458 2878 1523 2932 Pau·

278 2969 339 3009 ram
363 2952 392 3016 in
421 2952 509 3021 gradu
535 2954 615 3005 sexto
641 2948 695 3006 sibi
721 2949 886 3018 consangui·
923 2948 1010 3006 linem
1034 2949 1063 3004 in
1089 2951 1173 3020 gradu
1205 2949 1324 3022 septimo
1361 2948 1522 3020 cunsangui-

277 3041 368 3090 neam‚
395 3025 461 3092 quia
485 3040 520 3078 ex
545 3025 662 3092 utroque
698 3022 785 3076 latere
823 3024 887 3074 sunt
923 3021 1045 3089 neitatis,
1072 3021 1136 3091 quia
1159 3037 1194 3076 ex
1224 3025 1338 3094 utroque
1373 3023 1460 3077 latere
1483 3035 1523 3075 se·

278 3113 329 3152 sex
350 3111 495 3166 personae,
524 3111 624 3165 nempe
658 3094 803 3164 Josephus‚
828 3093 885 3148 Ma·
922 3097 999 3164 plem
1024 3097 1089 3147 sunt
1125 3110 1271 3163 personae,
1311 3109 1414 3220 nempe
1436 3094 1521 3158 Anna,

183 3209 186 3216 .
277 3169 329 3235 ria,
361 3169 450 3238 Anna,
489 3167 635 3234 Antonius,
674 3163 749 3220 Elias
775 3169 802 3220 et
820 3165 886 3220 Bar·
922 3167 1053 3232 losanae,
1071 3165 1225 3236 Philippus,
1244 3167 1340 3234 Maria,
1390 3165 1522 3232 atharina,

277 3241 354 3296 bara
923 3239 1022 3293 Petrus
1042 3242 1070 3293 et
1088 3237 1211 3294 Paulina

376 3355 426 3422 At
445 3353 503 3441 jue
539 3355 730 3420 canonicum
765 3357 897 3420 tantum
930 3358 1145 3420 connumerat
1167 3351 1287 3420 latoris
1309 3353 1409 3420 unius
1432 3371 1525 3440 gene·

278 3445 426 3510 rationes
449 3465 469 3508 a
493 3442 656 3509 communi
680 3442 798 3531 stipite
835 3441 1004 3522 deductas,
1039 3439 1179 3529 ideoque
1202 3439 1285 3507 duas
1307 3461 1468 3529 personas
1489 3440 1524 3506 in

278 3554 345 3599 uno
368 3532 477 3620 gradu
500 3530 688 3615 constituit,
712 3529 840 3597 scilicet
864 3529 987 3596 fratres
1011 3535 1045 3596 et
1069 3550 1199 3596 sorores
1221 3528 1385 3632 inprime
1408 3527 1525 3616 gradu,

280 3619 494 3688 consobrinos
516 3619 552 3684 in
575 3618 727 3697 secundo,
752 3619 902 3685 sobrinos
940 3617 975 3683 in
1010 3619 1122 3697 tertio,
1147 3622 1182 3685 et
1206 3617 1416 3684 sohrmorum
1439 3615 1526 3684 filios

279 3711 315 3776 in
338 3714 467 3796 quarto,
492 3709 547 3795 qui
571 3714 623 3773 est
645 3706 771 3793 gradus
793 3705 1006 3773 orientalium
1045 3711 1194 3772 octavus.
1217 3704 1320 3772 Ratio
1345 3712 1456 3772 autem
1479 3703 1526 3771 di·

280 3795 455 3864 versitatis
499 3795 756 3882 computationis
802 3793 965 3880 graduum
1011 3792 1333 3879 consanguineitatis
1363 3793 1454 3870 inter
1473 3791 1526 3879 jus

281 3885 389 3966 civile,
413 3904 511 3972 quam
536 3882 929 3964 Orientaleacbeervant,
954 3888 988 3947 et
1010 3880 1065 3969 jus
1088 3881 1290 3962 canonicum,
1307 3881 1395 3967 quod
1406 3881 1527 3948 Latina

280 3972 433 4039 Ecclesia
455 3976 559 4050 tenet,
584 3992 624 4038 ex
646 3971 820 4058 utriusque
840 3971 927 4058 juris
949 3970 1016 4036 fine
1038 3969 1165 4057 percipi
1187 3974 1309 4059 potest.
1335 3968 1373 4034 lu
1398 3969 1527 4056 legibus

282 4062 365 4127 enim
391 4058 546 4126 civilibus
570 4059 610 4124 ob
634 4057 718 4124 nihil
743 4058 837 4125 aliud
859 4061 1004 4146 ipsorum
1027 4055 1192 4144 graduum
1217 4059 1340 4123 montio
1356 4057 1448 4124 facta
1464 4060 1524 4140 est,

280 4149 347 4215 nisi
370 4154 409 4214 ut
442 4145 610 4213 hereditas
649 4147 702 4212 vel
733 4146 897 4213 successio
929 4147 970 4212 ab
1005 4166 1071 4211 una
1108 4143 1152 4210 ad
1180 4145 1320 4211 alteram
1356 4167 1527 4233 personam

281 4239 371 4302 inter
395 4235 659 4321 consanguineos
694 4234 875 4302 deleratur.
910 4233 952 4300 In
985 4231 1168 4300 canonibus
1205 4254 1285 4300 vcro
1306 4232 1347 4300 ob
1372 4232 1435 4300 hoc
1457 4253 1528 4322 pro·

282 4323 395 4411 genias
419 4327 642 4411 computatur,
668 4331 706 4390 ut
729 4329 844 4410 aperte
879 4326 1084 4388 monstretur
1119 4343 1223 4409 usque
1249 4320 1292 4387 ad
1315 4327 1454 4409 quotam
1476 4341 1529 4406 ge·

281 4412 490 4479 nerationem
512 4434 532 4477 a
555 4413 873 4498 consanguineorum
920 4409 967 4475 sit
1011 4408 1140 4498 nuptiis
1184 4408 1428 4476 abstinendum.
1476 4405 1527 4473 Ibi

306 4499 532 4580 conscribitur,
555 4504 596 4565 ut
619 4500 788 4567 hereditas
811 4497 1007 4587 propinquis
1031 4497 1127 4565 modo
1150 4497 1527 4585 legitimoconferatur:

282 4525 338 4656 iio
360 4610 449 4668 vero,
473 4593 513 4654 ut
535 4593 636 4669 recte,
660 4594 694 4656 et
718 4587 874 4654 canonice
896 4585 1035 4674 nuptiae
1059 4585 1148 4655 inter
1170 4583 1528 4672 fidelescelebrentur.

360 4787 378 4857 ¹)
397 4787 502 4856 Sohbpl
519 4785 716 4840 Kirchenracht
733 4783 759 4838 4.
780 4784 867 4838 Band.
893 4799 954 4852 pag.
974 4782 1017 4838 88.
