3426 5368
824 348 888 415 359

749 445 952 454 ..ψ

589 567 635 634 ΙΙ.
660 568 773 636 Testis
808 571 956 640 Joannss
979 569 1098 637 Verth.

314 654 505 809 Respondet
518 681 525 721 :

314 741 357 808 ad
400 745 645 830 nterrogutoria
668 746 858 831 generalia:
883 745 956 832 Ego
981 743 1128 814 Joannes
1152 746 1261 814 Verth
1300 770 1372 815 sum
1413 750 1467 818 36.

215 850 389 912 annorum,
413 831 601 918 Religionis
624 833 815 915 catholicae,
841 835 971 914 viduus,
996 833 1121 900 Tertor
1143 834 1179 900 in
1200 835 1468 918 Thalheim,cum
1511 860 1514 865 ’

215 917 370 1007 partibus
393 919 607 1006 litigantibus
630 944 690 988 nec
713 928 874 1008 cognatus
896 944 956 990 nec
980 921 1110 1006 affinis3
1142 923 1274 990 inimico
1307 946 1372 990 non
1395 947 1468 993 sum

215 1007 326 1074 animo
350 1029 430 1094 erga
452 1014 582 1097 partem
605 1012 825 1091 contrariam
850 1011 890 1076 ab
911 1011 1004 1076 exitu
1035 1032 1207 1098 processus
1242 1033 1301 1078 nec
1338 1011 1468 1078 lucrum

215 1117 276 1162 nec
299 1094 454 1162 damnum
478 1119 642 1186 sperans;
665 1121 685 1164 a
707 1099 837 1166 nemine
861 1097 940 1187 quid
964 1099 1133 1181 confitear,
1158 1099 1212 1165 vsl
1235 1099 1396 1187 quomodo
1420 1102 1468 1168 in-

214 1188 369 1338 molid
381 1206 477 1338 ;lpecI
496 1185 713 1272 promissione
736 1192 798 1253 aut
818 1187 904 1254 dono
928 1186 1080 1252 allectus.

429 1322 438 1337 .
479 1279 524 1339 ta.

311 1357 368 1425 Ad
390 1359 484 1448 Spsc.
508 1360 555 1428 Π.
581 1361 615 1449 1)
639 1360 720 1429 Cum
744 1382 805 1448 ego
828 1382 893 1448 qua
918 1362 1047 1429 vicinus
1063 1365 1210 1429 accusati
1223 1383 1321 1450 saepe
1334 1361 1467 1428 videam

214 1453 408 1515 accusatum
432 1470 473 1515 ex
495 1449 618 1538 popina
642 1449 772 1515 domum
796 1471 966 1517 reversum
990 1456 1053 1517 etc.
1078 1449 1124 1516 ΙΙ.
1148 1452 1184 1540 2)
1207 1450 1273 1517 Pro
1296 1451 1357 1516 hcc
1395 1472 1468 1537 pos·

215 1557 290 1603 sum
314 1557 380 1624 qua
403 1535 503 1604 testis
527 1537 680 1604 oculatus
704 1537 879 1626 sequentia
901 1540 993 1606 facta
1024 1561 1195 1607 recensere
1220 1589 1227 1606 .
1252 1587 1260 1607 .
1286 1589 1294 1605 .
1319 1587 1327 1603 .
1351 1543 1385 1606 et
1421 1539 1467 1604 sic

237 1645 324 1691 orto.

212 1646 236 1713 p
310 1711 367 1778 Ad
389 1713 468 1780 Art.
491 1711 557 1780 HI.
582 1711 637 1781 Sic
659 1734 768 1802 porro.

310 1799 464 1868 Perlecta
488 1801 633 1869 fassione
657 1801 806 1868 declarat
827 1802 940 1870 Testis
963 1802 1099 1871 eandem
1124 1823 1217 1868 suam
1249 1823 1360 1868 veram
1383 1822 1466 1883 esse,

214 1893 363 2042 etdrecte
386 1896 591 1978 assumptam
615 1913 696 1972 esse,
721 1894 853 1957 tantum
877 1891 920 1958 ad
943 1891 1033 1958 IL2.
1048 1891 1220 1980 sequentia
1244 1889 1351 1958 adhuc
1375 1889 1466 1957 lacta

214 1975 251 2043 iu
277 1978 367 2043 icat:

310 2065 396 2132 Erat
419 2070 550 2156 tempus
573 2064 797 2134 seminaturus
822 2068 969 2135 vernalis
992 2075 1026 2135 et
1050 2091 1076 2135 s.
1100 2091 1131 2156 p.

309 2152 501 2235 Probatum‚
526 2161 561 2222 et
583 2161 660 2244 post
682 2155 891 2224 reflexionem
916 2156 1044 2224 silentii
1073 2155 1113 2222 de
1125 2156 1211 2223 actis
1224 2160 1259 2220 st
1278 2153 1378 2220 dictis
1392 2153 1466 2220 sub·

212 2239 375 2329 scriptum
398 2265 457 2330 par
1112 2243 1137 2312 J
1139 2265 1277 2310 oannem
1302 2242 1420 2310 Verth.

309 2329 519 2397 Examinatis
543 2331 694 2398 omnibus
718 2332 863 2398 testibus
886 2332 1076 2399 Accusatus
1099 2355 1209 2400 coram
1233 2336 1382 2410 vocatus,
1429 2335 1466 2396 st

209 2415 379 2505 perlectae
401 2425 480 2485 sunt
504 2419 555 2484 illi
581 2419 744 2486 laesiones
768 2420 913 2485 omniurn
936 2420 1075 2486 testium
1110 2442 1169 2509 per
1205 2425 1390 2498 extensum,
1421 2417 1465 2483 ad

210 2527 295 2592 quas
318 2505 376 2572 ille
398 2507 572 2595 reposuit:
597 2507 775 2574 fossionem
798 2507 911 2573 Testis
938 2508 981 2572 l-i
1004 2508 1047 2574 ad
1064 2508 1092 2574 1.
1106 2510 1136 2574 2.
1150 2506 1281 2573 declaro
1295 2528 1353 2593 pro
1367 2505 1463 2572 falsa.

210 2591 309 2673 Nam,
334 2601 396 2660 etc.
421 2594 544 2662 Relate
566 2595 610 2660 ad
633 2595 811 2662 iussionem
834 2595 935 2662 testis
959 2596 1025 2662 adi
1051 2597 1094 2663 ad
1117 2597 1171 2674 11..
1186 2595 1216 2660 2.
1231 2593 1464 2661 declarandum

210 2681 329 2759 habeo,
354 2683 442 2770 quod
464 2683 550 2749 idem
574 2684 700 2750 factum
725 2685 901 2750 observare
924 2686 994 2770 ipse
1018 2707 1082 2750 non
1107 2683 1265 2773 potuerit,
1312 2704 1387 2748 cum
1425 2702 1463 2747 ec

210 2767 324 2834 disin
347 2771 467 2838 itinere
490 2772 696 2838 constitutus
719 2772 832 2853 fuerit,
856 2777 940 2874 quod
966 2776 1084 2839 testari
1104 2777 1259 2862 possunt.
1284 2769 1325 2838 N.
1360 2769 1402 2836 N.
1427 2777 1463 2836 et

197 2856 254 2922 N.
278 2855 320 2924 N.
344 2865 407 2926 etc.
431 2858 621 2926 Perlectum
645 2867 680 2926 et
703 2867 793 2926 recte
815 2860 1044 2941 adinventum,
1069 2860 1294 2948 subscriptum

1151 2947 1294 3016 Miehael
1318 2945 1418 3013 Haid.

307 3033 388 3100 Post
411 3035 472 3101 hoc
496 3035 616 3101 Actrix
639 3057 748 3102 coram
773 3042 902 3116 vocata,
941 3041 1042 3122 atque
1087 3036 1136 3102 illi
1183 3045 1252 3102 tam
1300 3034 1462 3100 fassiones

209 3119 356 3187 omnium
379 3126 526 3203 testium,
551 3145 649 3212 quam
666 3129 701 3190 et
724 3123 893 3191 contraria
918 3123 1102 3190 declaratio
1138 3123 1290 3211 conjugis
1314 3123 1462 3188 accusati

208 3207 299 3276 clare
323 3211 496 3298 perlectae.
521 3211 587 3278 Illa
609 3211 779 3300 reposuit:
803 3211 980 3277 Passiones
1004 3212 1141 3278 testium
1164 3217 1461 3290 tenecsaseveras,

207 3299 379 3365 contraria
402 3305 513 3365 autern
538 3299 719 3366 declaratio
742 3299 903 3366 Accusati
927 3322 966 3365 ex
986 3321 1097 3364 errore
1129 3301 1246 3380 oritur,
1283 3296 1370 3382 quod
1404 3297 1462 3362 ille

207 3388 272 3451 hcc
295 3385 348 3451 vel
371 3386 457 3453 illud
480 3387 606 3455 factum
630 3411 703 3456 cum
727 3389 794 3454 alio
817 3388 905 3476 quod
929 3395 1009 3454 tunc
1033 3396 1068 3453 et
1090 3394 1171 3454 tunc
1196 3388 1309 3454 evenit
1324 3386 1461 3450 coniun-

207 3471 278 3539 dat.
302 3472 447 3543 Proinde
470 3475 590 3543 insisto
614 3499 705 3544 meae
728 3479 883 3564 querelas
907 3475 1014 3560 quoad
1038 3472 1461 3630 totuszjusppmpileupam.

1164 3585 1219 3629 ose
1267 3584 1287 3627 a
1351 3582 1383 3626 ar

305 3647 377 3715 Hac
400 3673 501 3740 super
523 3674 559 3718 re
583 3650 691 3718 denuo
714 3651 851 3718 auditus
895 3653 1096 3733 Accusatus,
1143 3586 1305 3718 declinat:
1351 3647 1460 3736 quoad

206 3735 348 3823 primum
372 3759 571 3826 recognosco
605 3742 806 3808 contrariam
840 3740 1104 3808 enunciationem
1138 3736 1357 3823 Querulantis
1389 3758 1462 3802 esse

207 3845 332 3891 veram.
355 3825 477 3894 Relate
500 3835 612 3896 autem
630 3828 672 3896 ad
695 3828 824 3916 reliqua
847 3829 966 3895 insisto
990 3850 1081 3894 meae
1105 3825 1372 3895 contradictioni.

1141 3913 1285 3982 Michasl
1313 3911 1415 3979 Haid.

304 4000 504 4070 Conclusam
527 4005 548 4070 5
573 4004 655 4072 hora
677 4004 914 4094 pomeridiana.

252 4087 294 4158 N.
318 4089 361 4158 N.
385 4090 649 4160 commissarius.
1039 4091 1081 4158 N.
1107 4091 1149 4158 N.
1166 4086 1415 4156 Protocollista.

304 4179 433 4262 Quodsi
455 4183 646 4248 Accusatus
669 4181 869 4271 praetendat
893 4181 1020 4266 copiam
1044 4179 1226 4245 fassionum
1241 4177 1390 4256 testium,
1406 4199 1461 4264 pe·

207 4261 274 4333 tito
297 4268 369 4352 ejus
392 4266 616 4350 deferendum,
642 4279 676 4334 et
699 4269 862 4335 terminus
887 4268 937 4334 14.
963 4267 1100 4345 dierum,
1124 4266 1215 4331 intra
1239 4286 1336 4352 quern
1359 4264 1458 4351 repli-

208 4377 283 4424 care
306 4361 468 4436 teneatur,
493 4359 523 4422 ei
546 4356 789 4444 praefigendus,
814 4357 941 4445 hocque
964 4355 1073 4443 ipsum
1096 4353 1131 4419 in
1155 4351 1364 4420 conclusione
1379 4352 1457 4418 Pro-

209 4442 324 4512 tncclli
348 4444 578 4532 exponendum
602 4453 662 4512 est.

304 4531 429 4600 Eadem
451 4533 582 4600 ratione
606 4534 837 4599 examinantur
858 4537 964 4599 testes
987 4553 1045 4617 per
1067 4530 1271 4596 Accusatum
1295 4527 1460 4615 producti,

207 4620 252 4687 ad
274 4619 448 4689 Articulos
470 4621 751 4710 reprobatoriales
775 4629 809 4687 et
826 4642 986 4686 consonas
998 4620 1209 4707 quaestiones
1221 4615 1458 4685 Commissarii.

211 4707 337 4794 Quodsi
361 4715 473 4777 autem
497 4709 581 4778 nulli
605 4708 758 4777 Articuli
777 4731 836 4798 per
858 4715 971 4798 partes
994 4711 1233 4796 proponantur,
1258 4726 1318 4771 nec
1350 4704 1459 4794 ipsum
