3426 5368
857 375 922 440 360

253 594 407 663 tribunal
430 594 675 662 matrimoniale
697 597 907 684 quaestiones
941 595 1172 685 proponendas
1208 594 1343 682 defigat,
1378 592 1442 660 hoc
1473 591 1512 660 in

255 706 335 788 casu
358 683 571 789 quaestiones
595 683 837 786 construendae
860 689 940 752 sunt
963 707 1004 752 ex
1026 683 1210 775 protocollo
1256 681 1444 836 puerulcsc,
1471 686 1509 748 et

227 837 231 844 .
255 777 339 840 actis
362 778 589 856 inqunsrtnoms
612 793 778 860 praevnae.
803 772 912 857 (Ocni.
937 773 1133 841 Kutschker
1154 793 1230 860 pag.
1278 770 1331 837 04.
1355 771 1511 858 etsequ.)

256 947 294 1034 c)
318 948 434 1018 Forma
456 948 643 1020 Sententiae
665 949 884 1033 separationis
908 969 928 1020 a
950 951 1025 1022 toro
1062 951 1096 1020 et
1126 965 1239 1021 mensa
1270 947 1364 1037 juxta
1395 961 1508 1038 nouam

756 1059 1009 1134 instructionem.

258 1216 422 1280 Sententia
447 1210 532 1300 (sinc
577 1211 701 1284 timbre
724 1214 759 1279 in
781 1212 882 1303 duplo
904 1236 965 1304 pro
980 1214 1114 1282 'Anione
1137 1218 1173 1281 et
1201 1234 1258 1280 reo
1281 1208 1512 1301 expedienda.)

367 1321 529 1390 Tribunal
555 1323 802 1391 matrimoniale
839 1323 1110 1393 Archi-Diocesis
1143 1323 1345 1392 Viennensis
1380 1321 1514 1389 virtute

258 1411 402 1481 collatae
426 1413 490 1479 sibi
513 1412 554 1477 ab
578 1411 853 1479 Eminentissimo
877 1411 1047 1482 cardinali
1057 1411 1214 1500 Principe
1226 1409 1515 1500 Archi-Episcopo

257 1501 299 1567 D.
325 1500 486 1590 Othmarc
509 1500 683 1567 Rauscher
707 1500 888 1586 potestatis
911 1501 1116 1590 judiciariae,
1139 1503 1174 1566 in
1198 1499 1366 1587 sequelam
1393 1518 1515 1588 quern·

259 1588 349 1656 lusae
374 1587 627 1678 supplicationis
649 1586 692 1655 N.
716 1586 758 1655 N.
782 1588 973 1676 Religionis
997 1587 1180 1656 catholicae
1194 1586 1275 1654 ddto
1289 1587 1340 1652 16.
1354 1585 1379 1654 J
1380 1585 1515 1653 aunarii

261 1677 358 1745 1857.
382 1683 500 1743 contra
524 1697 620 1743 suum
643 1675 801 1743 maritum
824 1677 857 1745 N
892 1677 935 1745 N.
954 1677 1059 1745 civem
1084 1682 1246 1745 sartorem
1284 1674 1514 1742 Viennensem

254 1767 293 1830 in
327 1764 418 1832 lates
430 1765 472 1833 N.
490 1765 561 1833 Nro
573 1763 615 1832 N.
626 1763 667 1831 ad
678 1765 921 1853 separationem
944 1787 964 1832 a
987 1771 1061 1832 toro
1076 1769 1236 1833 simones
1250 1761 1412 1830 tribunali
1436 1761 1515 1830 huic

260 1788 438 1934 1111111111,
462 1852 681 1919 fundamento
704 1859 842 1920 eatenus
865 1853 1045 1920 institutae
1067 1851 1351 1940 investigationis,
1371 1873 1445 1918 oum
1463 1871 1514 1918 11-

259 1941 402 2010 flexione
425 1940 468 2008 ad
491 1947 520 2026 ξ.
555 1943 585 2006 4.
609 1939 848 2007 Ι111111111111
875 1965 933 2030 pro
957 1941 1185 2009 tribunalibus
1208 1939 1515 2007 matrimonialibus

261 2028 434 2097 Austriaci
457 2028 603 2117 Imperii,
629 2028 880 2096 deliberandum
902 2036 937 2097 et
956 2030 1012 2119 jus
1036 2029 1209 2096 dicendum
1233 2028 1515 2112 invenitsequen·

262 2119 370 2184 tibus:
395 2115 566 2205 Separatio
588 2138 608 2183 a
631 2123 706 2183 toro
733 2122 766 2182 et
786 2140 898 2185 mensa
923 2117 1161 2186 catholicorum
1185 2115 1362 2204 conjugum
1408 2115 1452 2183 N.
1479 2121 1516 2182 et

261 2206 304 2275 N.
329 2204 382 2286 N,
407 2227 546 2358 <puerum
570 2205 816 2271 matrimonium
841 2206 895 2271 2-1
917 2206 1096 2274 Februarii
1121 2205 1216 2272 lanc.
1240 2205 1364 2271 initum
1397 2203 1517 2271 sterile

263 2295 335 2360 sine
381 2314 417 2359 11
431 2295 546 2360 ibnse
578 2298 734 2382 respectu
770 2303 801 2359 et
839 2294 951 2361 debita
985 2294 1259 2376 consideratione,
1294 2291 1449 2360 saevitiei
1481 2297 1518 2358 et

263 2316 476 2450 111111111111
499 2403 560 2469 per
581 2381 751 2449 Aciricem
774 2381 925 2468 legitime
948 2389 1065 2450 contra
1087 2383 1245 2450 maritum
1270 2380 1517 2470 comprobatae,

263 2468 466 2552 admittitur,
489 2492 595 2555 usque
619 2470 694 2539 dum
718 2470 811 2537 vitae
835 2471 1038 2538 consortium
1084 2471 1155 2536 sine
1200 2467 1348 2558 periculo
1393 2469 1518 2535 salutis

264 2558 459 2646 temporalis
482 2580 649 2625 resumere
672 2561 806 2646 poterit.
830 2559 910 2647 Ipsa
933 2566 1046 2626 tamen
1070 2557 1179 2648 quoad
1202 2579 1347 2625 causam·
1382 2578 1518 2645 separa·

264 2647 367 2713 tionis
390 2653 602 2733 procuratam
624 2647 738 2712 insons
762 2669 828 2714 non
852 2654 913 2727 est,
938 2649 1005 2734 (vel
1029 2667 1128 2715 causa
1161 2645 1384 2734 separationis
1409 2644 1518 2733 impu·

265 2740 359 2802 tatur
382 2734 446 2801 soli
469 2735 589 2801 marito
604 2735 730 2802 crudeli
746 2735 925 2826 accusato.)
948 2737 1069 2803 Relate
1093 2734 1288 2823 adpetitam
1312 2755 1371 2822 per
1400 2732 1520 2800 Actri·

263 2846 333 2891 cem
378 2821 673 2904 alimentationem,
701 2829 876 2912 postquem
923 2825 1096 2893 arbitrium
1131 2823 1232 2912 hujus
1256 2820 1440 2889 tribunalis
1463 2843 1520 2888 ea·

264 2918 363 2977 tenus
385 2911 596 2999 postulatum
619 2933 683 2977 uon
708 2916 770 2991 est,
794 2912 830 2976 11
853 2935 953 2978 11111
975 2914 1001 2997 ἓ.
1026 2909 1518 2979 244.Ι1111111111111111111

265 2999 522 3087 competentiam
543 2998 687 3086 judicem
711 2997 845 3067 civilem
868 3002 1019 3067 11111111
1043 2999 1110 3088 (111
1134 3001 1244 3089 petita
1257 2998 1424 3088 separatio
1448 3020 1520 3066 nou

265 3086 457 3154 conceditur
480 3109 521 3154 ex
544 3109 592 3168 ec,
617 3087 704 3176 quod
728 3088 852 3154 Acirix
874 3088 1037 3177 requisita
1060 3088 1229 3155 rationum
1264 3090 1431 3154 momenta
1453 3108 1518 3175 pro

264 3174 536 3263 interrumpendo
560 3176 652 3243 vitae
676 3177 843 3242 consortio
866 3199 926 3243 nec
948 3176 1158 3266 produxerit,
1184 3175 1519 3262 1111111111111111ὁ

265 3265 344 3331 bare
367 3263 539 3352 potuerit).
565 3264 763 3333 Conclusam
787 3287 846 3353 per
869 3264 1188 3354 Archi-Episcopale
1213 3263 1362 3332 tribunal
1401 3262 1521 3330 matri·

266 3351 407 3438 moniale
430 3352 582 3420 Viennae
607 3353 658 3419 10.
680 3352 779 3419 Febr.
807 3353 901 3418 1857.
926 3353 1109 3440 subscripti
1132 3353 1281 3435 Praescs,
1307 3356 1518 3420 etvotantes

266 3439 465 3509 consiliarii.
491 3441 665 3508 Sententia
690 3441 724 3506 in
747 3441 854 3508 vicem
876 3441 1093 3508 resolutionis
1117 3441 1161 3530 (si
1184 3440 1354 3531 separatio
1377 3461 1441 3507 non
1456 3439 1521 3506 ad·

266 3528 449 3616 mittatur).
473 3529 605 3596 Actrici
630 3528 829 3596 extradatur
853 3552 926 3596 cum
950 3531 1167 3598 restitutione
1181 3530 1386 3596 adnexorum
1409 3527 1519 3596 1111-

266 3638 408 3698 cursum,
433 3618 526 3684 1111
550 3639 615 3683 uno
639 3617 820 3707 exemplari
843 3621 943 3685 etiam
967 3620 1136 3686 Accusato
1160 3618 1318 3685 traditur.
1335 3617 1411 3682 Una
1435 3638 1519 3684 vero

267 3727 368 3794 super
391 3705 485 3772 exitu
508 3727 627 3772 causae
650 3712 685 3772 et
709 3707 882 3772 tenoribus
918 3708 1105 3774 sententiae
1140 3706 1349 3795 respectivus
1385 3727 1520 3795 quoque

266 3791 436 3860 Parcchus
458 3792 674 3883 provocative
698 3793 740 3860 11
763 3794 835 3883 ejus
857 3795 1069 3862 Relationem
1094 3794 1134 3862 de
1157 3797 1340 3862 tentamine
1363 3792 1520 3882 pacifica-

267 3881 367 3948 tionis
390 3905 450 3970 per
472 3883 581 3971 ipsum
604 3882 764 3949 instituto
789 3882 937 3950 otficiose
960 3906 1089 3974 semper
1112 3883 1370 3950 edocendusest.
1385 3880 1519 3964 Quodsi

268 3971 435 4058 separatio
459 3993 624 4051 concesse,
649 3970 818 4039 sententia
841 3974 941 4037 etiam
965 3995 1037 4040 cum
1070 3971 1163 4039 civili
1194 3971 1310 4060 judice
1340 3972 1519 4037 communi·

268 4058 381 4125 canda.
407 4059 534 4142 Quodsi
557 4061 665 4146 petita
688 4059 856 4149 separatio
881 4082 945 4126 non
970 4060 1179 4142 concedatur,
1204 4059 1302 4126 simul
1325 4059 1359 4125 in
1384 4063 1519 4124 senten-

268 4147 319 4213 tia
342 4148 592 4236 exprimendum
616 4155 678 4230 est,
702 4147 861 4237 conjuges
870 4147 912 4213 ad
929 4148 1189 4216 continuandum
1204 4148 1296 4215 vitae
1310 4144 1517 4214 consortium

268 4234 430 4321 obligari3
454 4246 656 4326 eatenusque
680 4237 827 4304 officium
853 4235 989 4324 politiae
1013 4237 1214 4305 edocendum
1241 4243 1302 4317 eet,
1326 4240 1368 4302 ut
1384 4239 1518 4301 senten-

270 4323 338 4390 tiae
361 4323 496 4391 effectns
525 4331 744 4392 assecuretur.
