3426 5368
879 351 942 450 soc
976 445 980 455 1

279 570 369 656 scopi
392 567 500 656 quoad
522 567 681 653 judicum
705 567 852 634 identica
876 574 937 649 est,
963 568 1036 634 ideo
1060 591 1078 632 a
1099 568 1223 656 judicio
1248 568 1375 634 Vioarii
1390 570 1476 636 auu
1502 571 1524 635 i·

279 678 413 762 soopnm
437 677 501 722 non
526 654 626 720 datur
649 654 828 743 appellata.
854 655 1013 744 Superior
1033 655 1137 742 judex
1160 655 1350 722 ordinarius
1374 663 1425 724 est
1494 681 1522 724 e·

278 744 439 832 tropolita
461 742 651 831 provinciae
675 742 931 824 ecclesiastieae,
955 750 989 810 et
1013 765 1187 831 supremus
1233 743 1333 826 judex
1379 767 1522 812 summus

278 833 453 916 Pontifex;
477 832 551 897 ideo
576 830 701 896 dicitur
724 831 832 898 forum
856 832 982 919 primae
1012 832 1195 898 instantae
1219 831 1388 920 Episcopi,
1413 855 1523 900 secun·

279 919 339 986 dae
364 918 545 986 instantiae
569 918 825 1006 appellatorium
849 920 991 1006 primum
1015 920 1322 1007 Metropolitanum,
1348 927 1383 987 et
1417 944 1524 1009 supre-

279 1031 364 1074 mum
389 1006 646 1096 appellatorium
670 1007 891 1073 Pontificium.
917 1008 951 1074 S.
975 1007 1077 1074 Sedes
1100 1009 1299 1096 Apostolica
1324 1009 1366 1074 ad
1388 1009 1523 1076 revisio-

277 1119 351 1162 nem
375 1117 549 1270 causapum
572 1095 659 1161 solet
697 1092 851 1182 delegare
896 1095 1047 1180 Judiees,
1092 1099 1148 1184 qui
1195 1095 1333 1162 Judioes
1381 1097 1526 1184 delegati

277 1191 464 1250 vocantur.¹
695 1215 699 1224 ·
802 1219 805 1226 ·

511 1363 546 1457 ἓ.
578 1359 672 1441 158.
699 1359 762 1440 De
790 1360 949 1444 Judice
978 1362 1296 1464 compromisso.

372 1505 487 1574 Juden
507 1504 760 1592 compromissae
784 1513 844 1586 eet,
869 1506 904 1571 in
935 1529 1031 1596 quem
1076 1513 1189 1594 partes
1235 1507 1526 1596 compromittunt,

277 1596 348 1662 sive
372 1618 466 1682 quem
514 1597 604 1658 artes
630 1592 817 1659 voluntarie
852 1593 993 1681 eligunt,
1039 1596 1135 1682 cujus
1180 1597 1369 1662 sententiae
1416 1602 1529 1684 partes

276 1686 399 1772 absque
410 1616 579 1770 appellata
590 1683 793 1764 acquiescere
804 1681 1034 1768 obligantur)
1058 1683 1166 1771 qualis
1191 1685 1448 1772 compromissae
1465 1683 1527 1750 Ju-

277 1773 338 1838 ‹lex
359 1773 457 1860 juxta
480 1770 506 1854 ᾗ.
532 1769 583 1834 64.
608 1769 709 1854 Legis
732 1770 930 1836 Austriaoae
956 1772 1209 1837 matrimonialis
1233 1771 1275 1838 de
1296 1773 1335 1838 -8,
1350 1780 1415 1838 oct.
1434 1771 1526 1837 1856.

275 1861 381 1928 Iudex
404 1855 658 1937 ecclesiasticus,
682 1857 783 1923 etiam
808 1859 916 1942 quoad
940 1859 1157 1926 accidentalia
1202 1859 1409 1927 Matrimonii
1447 1859 1529 1946 eligi

275 1954 397 2037 potest.

468 2126 503 2219 ἓ.
544 2122 637 2204 159.
674 2123 738 2204 De
767 2122 998 2205 Tribunali
1026 2124 1332 2207 ecclesiastico.

371 2269 533 2335 Tribunal
559 2269 820 2336 ecclesiasticum
844 2276 896 2337 est
920 2293 1092 2338 consessus
1115 2271 1283 2362 Episcopi,
1310 2269 1362 2336 vel
1382 2269 1528 2356 ejusVi·

276 2357 356 2423 carii
380 2357 548 2444 generalis
573 2379 645 2424 oum
669 2356 874 2424 Conciliariis
897 2359 1134 2426 Assessoribu's
1159 2363 1194 2426 et
1229 2360 1368 2428 Notario
1408 2357 1527 2425 Tribu-

233 2448 235 2454 ’
275 2445 361 2511 nalis
385 2447 428 2512 ad
451 2445 567 2512 causas
588 2445 815 2532 jurisdictioni
839 2446 1082 2514 ecclesiasticae
1096 2448 1256 2515 obnoxias
1269 2446 1525 2534 cognoscendas,

274 2532 514 2614 discutiendas,
538 2551 573 2600 et
593 2533 803 2622 judicandas.

377 2714 411 2807 ἕ.
444 2711 537 2793 160.
565 2712 786 2793 Personae
814 2712 871 2794 ad
912 2711 1134 2794 Judicium
1166 2712 1420 2814 requisitae.

370 2857 426 2923 Ad
447 2856 608 2944 judicium
633 2860 849 2945 requiruntur
874 2859 906 2942 1)
930 2858 1040 2925 Judex
1066 2858 1114 2924 sic
1138 2857 1258 2937 dictus,
1283 2858 1377 2942 qnasi
1399 2857 1455 2944 jus
1480 2859 1526 2921 di·

275 2968 361 3026 cens,
385 2945 455 3010 sive
473 2945 565 3028 'quod
586 2945 662 3030 jure
687 2945 860 3033 disceptet.
885 2946 971 3014 Jure
994 2953 1104 3012 autem
1138 2947 1324 3033 disceptare
1359 2953 1411 3012 est
1432 2945 1525 3030 juste

271 3031 430 3119 judicare.
455 3033 530 3099 Non
556 3041 606 3098 est
631 3057 709 3119 ergo
733 3033 856 3115 Judex,
881 3036 909 3100 si
934 3059 1000 3100 non
1024 3040 1076 3100 est
1098 3035 1134 3098 in
1147 3033 1389 3122 eojustitia.2)
1406 3034 1523 3114 Actor,

274 3121 329 3211 qui
351 3122 526 3209 jussuum
551 3124 582 3186 in
602 3122 727 3208 judicic
751 3126 974 3210 prosequitur,
1000 3145 1057 3188 seu
1082 3123 1164 3208 agit,
1190 3128 1329 3188 vocatur
1344 3124 1444 3187 etiam
1458 3121 1522 3188 Ac·

225 3255 228 3261 ,
274 3219 416 3289 cusator,
441 3212 534 3298 quasi
559 3215 723 3296 causator,
747 3213 803 3298 qui
828 3213 870 3276 ad
894 3235 1025 3278 causam
1054 3217 1160 3276 vocat.
1185 3211 1291 3275 Actor
1318 3210 1367 3276 vel
1385 3214 1524 3276 Accusa-

272 3304 328 3364 tor
349 3306 462 3386 potest
485 3321 556 3364 esse
580 3299 696 3378 omnis,
720 3301 777 3386 qui
802 3306 933 3381 natura,
959 3305 1018 3365 aut
1043 3298 1115 3383 lege
1139 3297 1277 3385 speciali
1301 3321 1366 3366 non
1413 3298 1524 3384 prohi-

272 3387 391 3471 betur3
416 3387 464 3453 sic
486 3387 649 3474 prohibiti
674 3386 818 3452 suntab
864 3388 1075 3454 accusatione
1111 3389 1393 3467 excommunicati,
1420 3386 1523 3451 mino-

272 3497 400 3555 renneS,
425 3476 572 3562 exeeptis
597 3476 706 3540 causis
731 3474 1034 3541 matrimonialibus
1061 3474 1300 3540 n10d014·tum
1327 3475 1451 3540 aetatis
1468 3496 1523 3538 an-

272 3585 349 3628 num
374 3567 496 3649 egressi
522 3563 599 3642 sint,
621 3562 763 3628 feminae
778 3584 908 3650 quoque
921 3586 1029 3649 agere,
1043 3563 1131 3628 idest
1145 3569 1274 3629 actores
1288 3584 1358 3628 esse
1368 3569 1523 3650 possunt.

272 3651 306 3737 3)
329 3650 429 3729 Reus,
455 3653 510 3738 qui
535 3659 586 3716 est
610 3650 716 3714 omnis
740 3650 798 3714 illa
823 3674 972 3736 persona,
998 3657 1232 3738 contraquam
1258 3650 1386 3737 aliquis,
1403 3652 1521 3735 quovis

268 3738 353 3825 jure,
378 3740 507 3803 ratione
530 3748 563 3803 et
587 3744 768 3825 praetextu
790 3761 1063 3828 quarumcunque
1109 3761 1230 3818 rerum,
1275 3739 1438 3804 factorum
1487 3745 1523 3803 et

271 3825 435 3892 dictorum
460 3829 540 3910 agit.
566 3826 662 3892 Unde
685 3834 774 3893 recte
800 3829 923 3895 dicitur
946 3851 965 3894 a
989 3851 1033 3908 re,
1067 3827 1154 3914 qnod
1188 3827 1287 3893 alicui
1332 3826 1520 3913 hujusmodi

270 3915 318 3981 rei
343 3914 505 3981 obnoxius
528 3915 583 3979 sit.
607 3915 762 3980 Incattus
786 3925 897 3984 aulem
921 3919 962 3982 ab
986 3939 1024 3983 eo
1049 3916 1181 3996 dicitur,
1205 3916 1293 4002 quod
1329 3917 1361 3978 in
1387 3937 1518 3981 causam

269 4001 474 4069 attrahatur.
498 4003 590 4070 Reus
613 4010 726 4091 potest
749 4026 820 4069 esse
845 4006 951 4070 omnis
975 4005 1075 4070 etiarn
1100 4003 1417 4084 excommunicatus,
1464 4005 1521 4068 mi·

270 4113 431 4157 norennes
455 4090 535 4156 item
559 4097 593 4156 et
639 4092 792 4172 feminae,
817 4116 901 4181 quae
925 4100 1037 4159 tamen
1060 4093 1127 4158 nisi
1150 4093 1186 4158 in
1215 4093 1324 4158 causis
1349 4091 1422 4178 jure
1468 4113 1521 4158 ex·

293 4179 393 4245 reseis
416 4185 456 4243 ut
479 4186 559 4244 sunt
584 4181 852 4262 matrimoniales,
878 4204 936 4269 per
960 4181 1108 4268 seipsas
1132 4180 1166 4245 in
1191 4179 1314 4267 judicio
1351 4189 1442 4245 stare
1466 4179 1520 4245 de·

269 4202 359 4334 bont.
382 4266 416 4352 4)
442 4265 568 4347 Testes,
594 4290 693 4335 causa
717 4268 803 4334 enim
828 4279 887 4335 aut
911 4276 1107 4356 argumento
1131 4276 1191 4334 aut
1214 4268 1420 4355 probatione,
1434 4289 1519 4354 quae

268 4379 328 4444 per
351 4363 455 4422 testes
479 4354 528 4437 fit,
553 4364 694 4423 constat.
720 4357 967 4443 Argumentum
994 4364 1104 4423 autem
1150 4377 1317 4444 nunquam
1364 4358 1519 4436 testibus,

269 4465 436 4533 nunquam
460 4445 587 4512 tabulis
611 4444 670 4511 dat
693 4445 931 4532 probationem,
956 4446 1014 4512 sed
1038 4446 1109 4511 sola
1133 4444 1394 4530 investigatione
1429 4444 1519 4510 inve·

345 4648 361 4710 ι)
382 4645 545 4714 Van-Espen
567 4647 638 4699 Part.
661 4647 704 4699 ΙΙΙ.
727 4647 776 4699 Tit.
801 4646 831 4700 V.
854 4648 884 4700 ll.

343 4718 362 4784 ll
382 4718 545 4784 Van-lispon
566 4718 638 4768 Part.
669 4720 710 4771 lll.
733 4718 783 4769 Tit.
807 4717 875 4786 (lap.
896 4717 937 4772 lV.
