3420 5358
766 447 831 514 287

694 541 900 550 ——-—-—-

167 663 255 751 qnod
278 661 427 730 tribunal
450 663 695 729 matrimoniale
719 665 921 730 nominatur.
935 663 1056 732 Relate
1075 667 1188 730 autem
1211 663 1255 728 ad
1277 663 1420 738 effectus

167 751 372 816 matrimonii
394 751 516 828 civiles,
541 749 653 816 Judex
676 758 865 838 competens
879 751 989 818 civilis
1012 757 1074 817 est.
1099 749 1303 818 Benedictus
1322 749 1420 818 XIV.

167 837 421 906 Constitutione
443 859 503 904 sua
526 859 611 922 quae
644 838 709 904 inci
737 839 794 904 it:
826 837 908 918 ,Dei
942 838 1172 905 miserations‘
1213 837 1253 904 de
1275 837 1330 904 3·a
1352 837 1419 905 No·

169 925 315 992 vembris
339 924 433 990 1741.
458 924 623 992 decrevit:
648 933 687 992 ut
712 863 746 1015 l)
770 926 898 994 Causae
921 949 1021 1029 super
1033 925 1193 993 nullitate
1213 925 1419 992 matrimonii

168 1014 300 1079 nonnisi
324 1011 498 1102 Episcopo,
522 1019 584 1079 aut
605 1015 662 1080 ubi
685 1014 715 1079 is
738 1013 835 1093 desit,
860 1013 1040 1081 Judiorbus
1057 1013 1286 1100 synodalibus,
1314 1012 1421 1099 digni-

169 1105 253 1184 tate,
277 1107 467 1202 personatu,
505 1109 566 1166 aut
600 1105 796 1168 canonicatu
830 1103 866 1168 in
902 1103 1054 1170 Ecclesia
1085 1101 1269 1168 cathedrali
1292 1101 1422 1168 ornatis

168 1188 345 1270 committi,
368 1211 428 1257 neo
448 1187 513 1254 nisi
536 1196 613 1274 post
636 1189 720 1255 duas
743 1190 927 1258 sententias
962 1190 1147 1256 conformes
1170 1189 1261 1256 finiri
1285 1197 1419 1278 queant.

167 1273 202 1361 2)
225 1275 267 1342 In
290 1276 434 1363 singulis
456 1275 675 1343 Dioecesibus
709 1277 763 1343 vir
800 1277 883 1364 juris
915 1277 1046 1366 peritus
1070 1282 1104 1344 et
1126 1278 1251 1366 probus
1274 1277 1423 1362 eligatur

166 1363 334 1432 Defensor
378 1365 591 1446 matrimonii,
625 1365 683 1452 qui
717 1365 753 1452 a)
785 1365 819 1431 in
850 1365 1004 1453 singuiis,
1046 1365 1104 1432 ubi
1140 1365 1180 1432 de
1219 1363 1422 1432 matrimonii

168 1451 283 1520 valore
307 1452 359 1518 vel
385 1453 543 1520 nullitate
583 1455 706 1540 agitur,
736 1453 854 1555 judicii
884 1454 1014 1521 actibus
1048 1455 1110 1520 sub
1145 1453 1304 1520 nullitate
1326 1459 1423 1519 actus

169 1540 289 1608 adesse
335 1539 463 1609 debeat.
496 1542 530 1628 b)
569 1539 615 1608 Vi
645 1541 749 1607 officii
794 1541 942 1609 valorem
987 1541 1190 1610 matrimonii
1217 1547 1364 1620 tueatur,
1388 1544 1424 1608 et

168 1638 288 1694 contra
310 1630 513 1696 sententiam
535 1629 644 1695 valori
668 1633 738 1712 ejus
762 1628 936 1696 adversam
960 1629 1117 1718 appellet.
1149 1628 1183 1714 3)
1207 1627 1243 1695 Si
1267 1629 1322 1716 qni
1347 1650 1423 1715 pen-

169 1715 271 1784 dente
294 1739 337 1805 sp
361 1716 521 1784 ellatione
545 1739 649 1784 novas
672 1716 874 1784 contrahant
899 1715 1039 1806 nuptias
1058 1741 1119 1785 ocu
1143 1717 1310 1804 polygami
1329 1737 1423 1804 sepa·

167 1809 297 1872 rentur.
321 1739 360 1894 4l
380 1804 452 1872 Neo
474 1804 539 1870 nisi
562 1812 640 1894 post
663 1804 747 1871 duas
772 1805 957 1874 conformes
972 1806 1014 1871 de
1037 1804 1196 1882 nullitate
1220 1803 1421 1874 matrimonii

168 1891 367 1974 sententias,
391 1899 452 1962 aut
474 1890 639 1960 desertam
663 1893 842 1960 secundam
865 1888 1136 1996 appellationem,
1159 1891 1295 1980 nuptias
1317 1913 1422 1958 novas

168 1979 252 2048 inire
275 1981 432 2069 partibus
452 1979 563 2047 liceat.
587 1980 744 2050 Ceterum
767 1981 802 2067 5)
826 2003 945 2048 causae
968 1981 1030 2048 hae
1053 1982 1099 2054 in,
1125 2003 1194 2048 rem
1236 1979 1420 2068 judicatam

169 2067 242 2158 (sen
265 2076 306 2136 ut
329 2068 518 2158 impugnari
541 2091 607 2136 nou
630 2069 776 2158 possint)
800 2091 966 2158 nunquam
1000 2076 1186 2137 transeant.

166 2270 202 2364 ἓ.
234 2267 330 2350 135.
358 2269 505 2350 Judex
533 2268 858 2350 ecclesiasticus
884 2269 1134 2350 nullitatem
1161 2269 1422 2349 tantummo-

167 2394 367 2478 trimonii
403 2396 708 2498 pronunoiare‚
752 2395 884 2498 atque
920 2393 1132 2500 conjuges
1165 2394 1220 2476 ab
1261 2392 1423 2496 obliga

167 2520 287 2604 tione
328 2520 667 2603 cohabitationis
708 2520 873 2603 liberos
913 2521 1159 2618 declarare,
1197 2541 1424 2621 nunquam

165 2649 316 2730 tamen
346 2646 671 2729 matrimonium
698 2650 844 2729 ratum
880 2648 924 2728 ct
961 2647 1302 2728 consummatum
1342 2644 1422 2727 sol·

653 2796 760 2854 vere
786 2774 940 2875 potest.

259 2939 393 3026 Dogma
416 2945 469 3006 est
490 2937 660 3008 Ecclesiae
692 2939 1114 3008 Christiano-Catholicae:
1150 2935 1421 3022 ,Matrimonium

163 3031 279 3094 ratum
303 3035 339 3094 et
361 3037 624 3096 consummatum
648 3030 778 3095 nonnisi
804 3036 911 3095 morte
933 3029 1048 3110 solvi‚‘
1076 3029 1149 3095 sive
1174 3027 1421 3094 matrimonium

162 3123 409 3182 sacramentum
432 3139 504 3182 esse
527 3117 682 3183 absolute
705 3115 945 3183 indissolubile.
972 3116 1128 3185 Christus
1163 3115 1252 3181 enim
1297 3113 1420 3180 Matth.

162 3201 284 3270 XIX-o
310 3205 557 3271 matrimonium
581 3227 601 3270 a
625 3205 695 3270 Deo
719 3203 873 3270 absolute
890 3202 1123 3270 indissolubile
1135 3203 1333 3269 institutum
1350 3224 1422 3268 esse
1463 3201 1466 3206 ’

163 3292 365 3443 pronunciat
388 3316 408 3358 a
431 3293 501 3360 Deo
524 3293 597 3382 ipso
621 3292 845 3378 conjunctum,
865 3293 953 3376 quod
986 3313 1064 3377 ergo
1109 3291 1202 3358 Deus
1248 3288 1422 3376 conjunxit

186 3401 260 3445 omo
285 3402 351 3446 non
377 3389 510 3469 separet
523 3403 531 3465 3
556 3389 655 3448 erunt
678 3403 777 3472 porro
800 3382 911 3468 inquit
934 3379 1026 3447 Deus
1050 3380 1115 3446 duo
1138 3381 1173 3444 in
1198 3399 1299 3446 carne
1343 3399 1421 3458 una,

162 3466 251 3554 quod
274 3483 387 3534 autem
410 3492 512 3535 unum
536 3475 588 3535 est
612 3469 717 3535 dividi
741 3471 856 3557 nequit
882 3473 920 3534 ut
941 3491 1043 3534 unum
1091 3474 1234 3533 maneat.
1281 3463 1417 3554 Moyses

163 3563 274 3622 autem
298 3555 349 3622 ait
371 3555 537 3638 Christus,
562 3564 695 3624 tantum
719 3569 856 3646 propter
878 3555 1036 3623 duritiem
1060 3552 1423 3643 condispermisitders

163 3640 312 3710 libellum
335 3643 476 3733 repudii,
500 3645 558 3711 sed
582 3646 623 3712 ab
648 3644 746 3711 initio
770 3666 835 3710 non
859 3643 927 3710 fuit
951 3645 1009 3711 sic.
1033 3642 1189 3710 Christus
1226 3664 1298 3732 rpse
1341 3641 1417 3709 ideo

164 3731 317 3798 venitin
340 3732 507 3814 mundum,
530 3741 570 3799 ut
595 3733 760 3800 hominem
783 3739 919 3821 peccato
955 3731 1086 3820 lapsum
1130 3731 1329 3798 restitueret
1375 3727 1417 3795 ad

163 3818 385 3886 conditionem
409 3821 635 3907 originariam,
661 3845 741 3908 ergo
765 3823 867 3886 etiam
891 3821 1141 3887 matrimonium
1165 3817 1209 3884 ad
1240 3816 1423 3886 indissolu-

165 3905 328 3974 bilitatem
351 3908 513 3996 primam3
538 3908 613 3976 ideo
637 3909 670 3976 S.
695 3909 822 3978 Paulus
841 3908 913 3974 les
936 3909 979 3974 ad
1003 3907 1146 3974 corinth.
1170 3906 1252 3996 Cap.
1279 3905 1307 3971 l.
1323 3928 1354 3970 v.
1371 3903 1421 3970 10.

164 3992 291 4082 inquit:
321 3995 398 4078 ,Iis
422 3995 480 4084 qni
505 3998 718 4064 matrimonio
738 3998 851 4084 juncti
874 4003 965 4078 sunt,
989 3997 1158 4084 praecipio
1185 4018 1249 4061 non
1275 4015 1337 4082 ego
1363 3989 1422 4060 sed

164 4078 336 4164 Dominus,
360 4106 495 4150 uxorem
519 4106 538 4149 a
562 4085 635 4152 viro
660 4108 724 4152 non
749 4083 929 4164 discedere,
954 4081 1042 4173 quod
1066 4083 1096 4150 si
1120 4082 1318 4161 discederet,
1356 4102 1422 4146 ma·

164 4190 239 4238 nere
261 4173 447 4258 innuptam,
472 4172 631 4260 quamdiu
656 4173 742 4239 vivit
767 4173 819 4239 vir
841 4172 942 4256 eius‘
971 4171 1037 4239 Sed
1061 4171 1115 4238 2-o
1136 4170 1236 4258 juxta
1272 4167 1306 4235 S.
1331 4171 1420 4256 Apo·

163 4257 285 4326 stolum
308 4259 449 4328 Paulum
474 4259 727 4328 Matrimonium
751 4268 804 4326 est
827 4259 1023 4350 Symbolum
1047 4255 1296 4346 conjunctionis
1325 4256 1417 4326 Chri·

163 4346 206 4412 sti
229 4370 304 4416 oum
328 4345 496 4433 Ecclesia3
521 4348 564 4415 ad
580 4348 666 4437 Eph.
680 4350 759 4438 Cap.
784 4347 827 4416 V.
852 4371 881 4414 v.
907 4347 960 4414 25.
984 4347 1055 4413 ait:
1085 4345 1179 4430 ,Viri
1193 4344 1331 4430 diligite
1346 4365 1423 4413 uxo

163 4454 215 4501 res
238 4442 370 4504 vestras
392 4436 481 4503 sicut
503 4435 659 4503 Christus
683 4437 804 4504 dilexit
829 4435 1017 4502 Ecclesiam
1041 4443 1076 4503 et
1098 4457 1134 4501 se
1158 4434 1267 4524 ipsum
1298 4431 1426 4501 obtulit

162 4543 221 4610 pro
245 4546 294 4606 ea,
320 4562 363 4574 -
386 4525 638 4592 Sacramentum
658 4524 720 4592 boc
743 4523 1022 4611 (Matrimonium)
1047 4545 1205 4610 magnum
1241 4527 1304 4602 est,
1352 4520 1425 4587 dico

163 4619 274 4679 autem
298 4611 332 4677 in
356 4612 490 4681 Christo
514 4618 550 4680 et
572 4611 766 4696 Ecclesia‘;
791 4611 863 4678 sive
878 4611 1090 4678 intervirum
1115 4618 1150 4678 et
1173 4631 1312 4680 uxorem
1336 4608 1425 4677 idem

163 4699 393 4770 indissolubile
418 4699 587 4768 vinculum
610 4700 739 4782 existit,
786 4698 863 4770 uale
887 4701 975 4767 inter
990 4699 1162 4768 Christum
1180 4696 1423 4778 etEoolssiam,

162 4795 200 4856 nt
220 4787 496 4881 quemadmodum
520 4789 677 4858 Christus
700 4789 742 4856 eb
764 4721 920 4856 haeresia
942 4811 1003 4856 sus
1026 4787 1114 4856 solvi
1138 4811 1204 4857 non
1219 4793 1344 4880 polest,
1368 4785 1421 4856 its
