3426 5368
801 380 960 483 Ι,666

305 711 341 804 6.
372 708 464 791 163.
491 708 555 787 De
581 706 783 805 Notariis
812 729 890 787 seu
917 706 1175 789 secretariis
1203 707 1458 791 Tribunalis
1486 733 1552 791 ec·

805 832 1053 915 clesiastici.

400 978 442 1045 In
465 978 583 1046 Codice
606 976 631 1044 J
635 977 797 1044 ustiniaui
819 984 934 1045 exstat
956 978 1103 1046 titulus:
1127 979 1178 1046 De
1215 979 1455 1046 Assessoribus
1500 980 1557 1046 do-

307 1066 463 1147 mesticis,
488 1073 522 1134 61
546 1066 754 1134 cancellariis
777 1065 946 1132 Judioum.
993 1066 1193 1134 Cancellarii
1239 1075 1349 1133 autem
1395 1067 1420 1134 J
1423 1067 1558 1135 udicum

305 1155 489 1222 scribendis
513 1160 611 1221 etex
635 1153 784 1220 ediendis
807 1153 964 1221 Judicnm
989 1154 1142 1243 epistolis
1188 1177 1320 1245 operam
1344 1155 1558 1222 (166661.Ηί-

305 1265 369 1332 que
392 1242 582 1310 cancellarii
606 1177 687 1309 dicti
711 1246 861 1323 666166,
886 1242 973 1327 quod
997 1265 1109 1310 eorum
1134 1243 1276 1310 cellulae
1298 1243 1339 1310 ob
1363 1243 1556 1311 chartarum

304 1331 566 1405 amittendarum
589 1329 773 1418 periculum
792 1331 948 1396 cancellis
971 1336 1084 1398 essent
1106 1332 1264 1398 munitae.
1287 1331 1415 1398 Horum
1443 1332 1559 1399 officio

303 1419 493 1506 funguutur
515 1416 613 1485 hodie
635 1418 771 1485 Notarii
794 1418 847 1484 vel
872 1418 1059 1502 Secretarii,
1084 1419 1141 1507 qui
1166 1427 1333 1504 tamquam
1357 1421 1513 1508 publicae
1522 1429 1561 1487 et

303 1506 435 1596 juratae
458 1527 619 1596 personae
642 1506 751 1572 onmia
774 1514 850 1573 acta
873 1505 1044 1594 judicialia
1067 1508 1230 1589 scribunt,
1254 1507 1402 1575 fideliter
1448 1515 1561 1576 custo·

305 1595 412 1676 diunt,
437 1602 472 1661 61
494 1595 690 1682 registrant.
714 1594 922 1661 Documenta
945 1597 1012 1682 per·
1027 1595 1087 1662 hos
1112 1595 1271 1664 Notarius
1305 1597 1358 1663 vel
1406 1596 1561 1664 Secreta·

304 1683 372 1749 rios
395 1684 584 1772 subscripta
607 1682 739 1770 publica
761 1681 828 1749 fide
851 1681 1009 1768 gaudent.
1029 1683 1069 1750 In
1077 1684 1268 1768 juramento
1281 1707 1339 1772 per
1355 1684 1416 1751 hos
1436 1685 1563 1772 deponi

304 1771 403 1837 solito
427 1771 469 1836 ad
492 1771 684 1850 romittunt‚
709 1769 796 1858 quod
821 1770 942 1836 secreti
967 1781 1074 1853 erunt,
1100 1772 1187 1838 nulli
1226 1773 1372 1861 partium
1417 1773 1562 1860 litigan-

303 1861 387 1925 tium
410 1857 453 1924 ad
477 1861 541 1939 icti,
565 1867 625 1924 aut
648 1859 809 1946 partiales
832 1859 947 1939 futuri,
973 1881 1078 1950 neque
1103 1860 1204 1929 etiam
1217 1861 1390 1928 eonsilium
1401 1862 1563 1950 partibus

303 1949 375 2014 sive
397 1946 534 2031 directe,
560 1948 631 2016 sive
654 1945 816 2014 indirecte
840 1946 1008 2035 dabuntl)

354 2335 426 2411 DE
459 2330 725 2411 PROCESSU
758 2327 1161 2407 ECCLESIASTICO
1195 2330 1251 2406 IN
1278 2329 1506 2407 GENERE.

466 2528 501 2622 ἓ.
533 2523 628 2606 164.
655 2523 779 2606 Notio
813 2523 1049 2603 Processus
1091 2521 1389 2642 ecclesiastici.

398 2672 579 2739 Processus
602 2675 653 2738 est
677 2668 756 2736 ordo
780 2675 913 2736 actuum
925 2667 1144 2822 (pudicialium
1158 2667 1232 2757 lege
1247 2671 1566 2758 praescriptus‚seu

303 2760 391 2828 ratio
414 2761 574 2847 legitima,
599 2781 664 2847 qua
687 2780 806 2824 causae
829 2757 865 2823 in
885 2755 924 2844 ju
949 2757 1046 2823 icium
1061 2756 1271 2824 deducuntur
1283 2765 1318 2823 et
1332 2757 1562 2826 definiuntur.

302 2849 368 2916 Est
391 2853 502 2916 autem
526 2869 699 2935 processus
723 2846 776 2912 vel
801 2845 1010 2922 summarius,
1034 2844 1158 2933 inquo
1182 2845 1426 2932 praetermissis
1436 2846 1564 2913 solem-

303 2937 468 3004 nitatibus
514 2942 549 3002 et
584 2933 700 3000 formis
724 2933 861 3000 auditur
883 2932 985 3013 Reus,
1010 2938 1045 3000 et
1068 2937 1122 3000 vel
1142 2932 1338 3014 absolvitur,
1387 2933 1440 3000 vel
1483 2957 1565 3001 con-

303 3024 488 3105 demnatur,
513 3024 567 3092 vel
591 3021 751 3105 formalis,
775 3019 809 3086 in
834 3043 899 3110 quo
922 3023 1148 3109 praescriptae
1171 3021 1397 3090 formalitates
1445 3023 1564 3090 obser-

303 3119 438 3181 vantur.

301 3294 337 3388 6.
368 3291 462 3374 165.
489 3291 651 3372 Primis
678 3291 828 3374 decem
867 3290 1027 3374 seculis
1066 3312 1225 3371 causae
1258 3287 1305 3369 in
1339 3286 1450 3369 foris
1493 3311 1562 3370 ee·

457 3416 715 3500 clesiasticis
742 3417 976 3498 summarie
997 3414 1395 3519 pertractabantur.

397 3563 520 3632 Primis
543 3562 654 3629 decem
677 3562 849 3630 Ecclesiae
873 3561 1085 3629 Christianae
1115 3560 1258 3627 saeculis
1304 3580 1432 3626 summa
1480 3569 1561 3627 erat

301 3652 392 3718 inter
417 3651 538 3719 ’udicis
561 3650 675 3717 civilia
699 3657 734 3716 et
756 3650 980 3717 ecclesiastica
1004 3649 1203 3716 differentia.
1227 3647 1269 3714 In
1294 3648 1345 3713 his
1368 3647 1458 3713 enim
1481 3649 1561 3716 sine

301 3740 409 3806 formu
424 3740 453 3805 is
477 3738 684 3825 judiciorum,
709 3744 744 3804 61
767 3737 920 3824 neglecto
945 3739 1056 3824 rigore
1080 3737 1189 3823 legum
1214 3736 1361 3802 civilium
1406 3736 1561 3803 exsulis

301 3827 476 3916 seripturis
497 3827 601 3893 sacris
625 3833 659 3892 et
682 3849 722 3893 ex
745 3827 915 3912 aequitate
953 3827 1164 3915 quaestiones
1208 3823 1470 3908 deridebantur;
1518 3824 1560 3890 in

301 3915 457 3982 civilibus
480 3937 569 3995 vere,
591 3915 690 4002 juxta
713 3915 837 3981 formas
857 3915 943 3999 juris
969 3921 1004 3980 61
1027 3920 1161 3980 servato
1185 3911 1297 3997 legum
1320 3912 1432 3997 rigore
1479 3934 1562 3998 pro-

300 4003 489 4071 cedebatur.
513 4003 695 4092 Postquam
718 4010 830 4069 autem
854 4003 965 4070 Codex
988 4001 1012 4068 J
1015 4001 1204 4068 ustinianus
1224 4001 1326 4066 etiam
1369 3998 1561 4086 Theologis

299 4091 507 4174 tradebatur,
531 4098 632 4180 atque
655 4089 803 4158 studium
828 4091 940 4176 legum
965 4089 1113 4156 civilium
1138 4091 1238 4156 etiam
1281 4091 1369 4154 inter
1413 4085 1561 4156 clericos

299 4179 509 4260 invaluisset,
534 4201 652 4246 causae
674 4179 708 4245 in
733 4179 806 4244 foro
852 4180 953 4245 etiam
978 4177 1205 4245 ecclesiastico
1226 4176 1324 4258 juxta
1371 4177 1561 4244 earundem

299 4269 411 4355 legum
431 4267 581 4334 civilium
604 4290 751 4333 normam
787 4267 965 4334 ertractari
990 4275 1191 4354 coeperunt;
1215 4263 1460 4350 Pontificesque
1474 4263 1561 4332 Ale-

298 4357 426 4425 xander
448 4363 483 4424 et
504 4355 720 4422 Innocentius
742 4290 808 4422 rii.
833 4377 1010 4440 eorumque
1026 4375 1233 4422 successores
1245 4350 1389 4418 eamdem
1401 4371 1561 4420 normam

323 4465 512 4513 recessuum
536 4444 682 4511 civilium
705 4466 765 4532 pro
789 4443 872 4510 foris
905 4442 1136 4512 eollesiastieis
1204 4442 1478 4527 raescripserunt,
1506 4442 1562 4511 sic

298 4469 394 4602 iibri
416 4533 463 4600 Π.
487 4531 714 4600 Decretalium
738 4531 895 4618 Gregorii
918 4531 979 4600 IX.
1013 4531 1131 4617 Capite
1166 4531 1180 4596 1
1218 4578 1225 4595 .
1258 4527 1404 4596 dieitur:
1437 4525 1562 4599 Judex

300 4675 504 4684 ——---—-.-—.

376 4757 393 4827 ¹)
409 4757 556 4828 Vanespen
569 4755 641 4809 Part,
658 4756 702 4810 111.
719 4755 808 4808 Τ11616
829 4755 872 4810 Vl.
