3476 5366
806 281 869 346 167

211 501 265 568 22.
294 524 323 568 v.
349 501 401 566 21.
428 499 548 584 „Data
572 523 659 590 quae
682 509 762 570 sunt
785 503 937 572 Caesaris
960 503 1127 578 Caesari,“
1153 543 1187 555 —
1231 501 1308 592 Ipse
1332 503 1463 570 divinus

211 589 377 678 magister
400 589 586 678 exemplum
609 589 730 672 factus,
756 614 792 658 se
815 593 966 660 omnibus
990 593 1119 679 legibus
1142 591 1297 659 civilibus
1309 590 1462 679 subjecit,

209 701 269 746 eas
293 677 492 758 observavit,
517 678 682 744 tributum
706 679 820 760 solvit,
844 703 883 746 ac
906 681 1016 748 Pilato
1063 687 1241 747 otestatem
1271 679 1306 746 iu
1351 702 1387 746 se
1411 679 1464 746 de·

208 764 711 921 *taciturnitas
734 768 814 922 tu
835 768 940 872 ω·
1015 705 1347 922 farra
1372 767 1461 919 tr·

207 879 264 1010 ido
276 877 728 1032 praestandamgteniporasiis
752 878 1079 1012 iiiiiniiciiifiteeir
1092 877 1462 1011 eprqpqqqrsrpitplrtqpnq

207 1055 294 1112 esse,
317 1029 542 1118 imperantem
565 1030 628 1096 Dei
651 1031 855 1113 Ministrum,
881 1041 914 1099 et
946 1035 1003 1122 qui
1049 1033 1194 1098 debitam
1239 1032 1461 1098 obedientiam

206 1118 467 1204 Magistratibus
491 1139 555 1184 non
579 1126 763 1206 praestant,
787 1121 858 1186 Deo
881 1122 1039 1188 resistere
1072 1121 1264 1187 docueruut.
1289 1119 1313 1186 S
1335 1119 1461 1186 Paulus

206 1209 245 1275 in
267 1205 424 1295 Epistola
447 1205 488 1270 ad
512 1206 681 1274 Romanos
704 1207 783 1296 Cap.
806 1208 906 1275 XHI.
930 1231 962 1275 v.
988 1209 1017 1274 1.
1042 1208 1155 1276 docet:
1191 1208 1328 1288 „Omnis
1350 1207 1462 1274 anima

206 1295 434 1450 potlpstatibus
458 1294 709 1448 subitimioribqs
733 1296 868 1450 sulquita
890 1300 945 1451 sili,
970 1320 1034 1450 nton
1059 1303 1112 1364 est
1129 1299 1220 1452 pulpa
1233 1294 1462 1450 p20test1apnisi

207 1408 230 1451 a
287 1405 347 1450 eo·
393 1403 748 1464 uaeauemsuu,a
804 1407 1153 1452 eoorrnaaesun.
1213 1408 1296 1450 ..ε
1379 1405 1463 1450 aus

207 1473 268 1562 qui
291 1405 422 1538 reiisiit
445 1470 618 1558 potestati,
642 1470 707 1538 Dei
731 1471 934 1540 ordinationi
957 1475 1095 1540 resistit.
1121 1473 1188 1556 Qui
1225 1480 1337 1538 autem
1382 1406 1462 1538 risi-

207 1567 318 1640 stunt,
343 1557 408 1646 ipsi
432 1559 678 1625 damnationem
701 1560 889 1650 acquirunt.
916 1562 956 1629 V.
982 1564 1011 1627 3.
1047 1562 1132 1629 Nam
1178 1560 1351 1648 Principes
1395 1582 1462 1625 non

207 1655 292 1715 sunt
314 1647 426 1713 timori
448 1646 527 1712 boni
550 1649 667 1734 operis,
691 1649 749 1715 sed
773 1649 861 1730 mali,
888 1651 939 1716 vis
962 1658 1074 1716 autem
1098 1672 1162 1714 non
1208 1649 1326 1714 timere
1372 1653 1463 1735 pote-

208 1743 345 1815 statem,
368 1736 489 1801 bonum
513 1735 576 1815 fac,
601 1741 636 1801 et
656 1737 794 1804 habebis
818 1738 950 1804 laudem
974 1761 1013 1804 cx
1036 1737 1104 1804 illo.
1130 1736 1171 1804 V.
1194 1739 1227 1802 4.
1265 1737 1330 1803 Dei
1375 1735 1463 1802 enim

208 1825 368 1892 Minister
390 1823 529 1890 esttibi
551 1824 587 1888 in
610 1825 741 1906 bonum,
766 1827 795 1891 si
818 1832 930 1893 autem
954 1826 1075 1892 malum
1100 1825 1229 1906 feceris,
1267 1828 1372 1909 time;
1397 1846 1463 1890 non

209 1913 299 1980 enim
321 1914 392 1976 sine
415 1933 514 1978 causa
537 1910 687 1997 gladium
709 1920 834 2002 portat,
858 1915 922 1980 Dei
945 1915 1032 1981 cuim
1056 1913 1207 1980 minister
1219 1917 1280 1994 est,
1291 1913 1414 1980 vindex
1426 1912 1463 1979 in

208 2003 295 2068 iram
319 1997 381 2079 illi,
405 1998 462 2088 qui
486 2000 570 2066 facit
594 2000 726 2067 malum.
753 2001 794 2069 V.
820 2005 850 2067 5.
874 2002 955 2069 ideo
979 2003 1179 2069 necessitate
1202 2000 1330 2068 subditi
1353 2007 1463 2067 estote

209 2087 410 2156 nouaclum
433 2096 572 2176 propter
594 2087 688 2170 iram,
714 2091 771 2156 sed
796 2091 898 2157 etiam
921 2097 1058 2178 propter
1081 2090 1328 2156 conscientiam.
1354 2088 1396 2156 V.
1409 2089 1461 2154 6.:

208 2177 291 2246 Ideo
315 2176 402 2242 enim
426 2181 461 2241 et
483 2175 616 2242 tributa
638 2179 830 2264 praestatis,
854 2179 1003 2245 Ministri
1027 2181 1112 2244 enim
1136 2177 1199 2244 Dei
1223 2182 1303 2243 sunt
1340 2177 1374 2243 in
1398 2176 1461 2243 hoc

209 2261 327 2354 Ipsum
350 2263 546 2330 servientes.
569 2263 611 2330 V.
636 2265 666 2330 7.
691 2271 725 2332 et
748 2266 802 2332 R:
827 2267 972 2333 Reddite
997 2289 1075 2352 ergo
1100 2267 1250 2330 omnibus
1275 2265 1463 2345 debita,cui

208 2353 387 2431 tributum,
399 2353 564 2418 tributum
579 2375 586 2436 ;
610 2353 664 2418 cui
677 2354 834 2442 vectigal,
847 2357 993 2442 vectigal
1011 2379 1018 2439 ;
1043 2355 1097 2422 cui
1110 2354 1273 2433 timorem,
1288 2353 1460 2436 timorem3

210 2441 264 2510 cui
287 2440 454 2520 honorem,
469 2439 635 2506 honorem.
660 2440 794 2509 Nemini
818 2443 997 2529 quidquam
1014 2442 1171 2522 debeatis,
1188 2441 1253 2507 nisi
1269 2445 1308 2506 ut
1321 2441 1462 2506 invicem

210 2527 381 2614 diligatis:
404 2528 461 2617 qui
486 2529 573 2593 enim
597 2528 713 2614 diligit
734 2531 917 2618 proximum
942 2531 1048 2618 legem
1072 2530 1236 2614 implevit.
1262 2528 1369 2611 Quam
1415 2527 1462 2594 di-

211 2617 390 2685 lectionem
412 2619 448 2680 in
471 2615 626 2702 Epistola
650 2617 703 2682 la
726 2618 769 2684 ad
792 2619 984 2686 Corinthios
1008 2619 1087 2707 Cap.
1111 2618 1211 2684 XIII.
1248 2639 1269 2682 a
1305 2637 1406 2682 versu
1428 2616 1462 2682 4.

210 2705 260 2773 sic
283 2703 460 2771 describit:
485 2703 640 2772 Charitas
663 2705 796 2793 patiens
819 2714 880 2788 est,
905 2709 1049 2794 benigna
1084 2717 1156 2791 est;
1203 2705 1351 2772 charitas
1395 2725 1462 2770 non

208 2792 408 2873 aemulatur,
432 2814 498 2858 non
522 2792 596 2878 agit
618 2815 800 2882 perperam,
825 2817 890 2860 non
913 2796 1063 2877 inflatur,
1088 2817 1153 2860 nou
1177 2802 1230 2860 est
1274 2792 1461 2873 ambitiosa,

208 2905 277 2950 uon
300 2882 431 2969 quaerit
453 2901 539 2968 quae
562 2903 622 2946 sua
645 2889 735 2963 sunt,
759 2905 823 2948 non
848 2883 1015 2970 irritatur,
1046 2907 1111 2950 non
1156 2885 1284 2969 cogitat
1328 2881 1461 2962 malum,

207 2992 275 3037 non
298 2968 426 3056 gaudet
448 2991 549 3056 super
571 2969 762 3058 iniquitate,
787 2973 975 3058 congaudet
997 2980 1109 3038 autem
1147 2971 1308 3036 veritati:
1354 2968 1463 3034 omnia

207 3057 340 3138 suffert,
364 3055 474 3122 omnia
497 3057 613 3138 credit,
639 3058 749 3126 omnia
771 3067 894 3148 sperat,
920 3061 1029 3126 omnia
1052 3061 1229 3127 sustinet.“
1255 3058 1362 3140 Quam
1408 3055 1463 3122 do

208 3149 352 3214 utrinam
376 3145 405 3212 si
430 3167 543 3211 omnes
566 3146 656 3213 cives
680 3148 907 3229 observarent,
932 3172 1010 3215 vere
1034 3148 1231 3214 felicitatem
1256 3149 1461 3234 quoqueter·

207 3241 350 3304 restrem
374 3239 675 3320 consequerentur;
700 3234 846 3324 adeoque
870 3243 965 3301 tanto
989 3237 1168 3324 perfectior
1192 3240 1244 3300 est
1266 3241 1379 3300 status
1413 3254 1463 3298 so

208 3322 346 3390 oietatis
369 3321 489 3400 civilis,
513 3343 578 3409 quo
602 3325 707 3408 magis
730 3324 804 3412 ejus
828 3325 974 3391 membra
1004 3325 1230 3394 Christianam
1276 3321 1462 3387 doctrinam

208 3415 246 3478 et
266 3415 445 3500 praecepta
469 3409 672 3495 observant,
697 3433 735 3477 eo
759 3412 924 3479 feliciores
948 3413 1074 3479 subditi
1099 3418 1133 3478 et
1156 3414 1380 3499 imperantes:
1404 3408 1462 3474 ho·

207 3521 282 3565 rum
304 3498 392 3564 enim
415 3496 609 3565 sollicitudo
633 3501 748 3580 minor,
774 3500 902 3568 subditi
925 3508 1037 3568 autern
1061 3524 1080 3566 a
1105 3497 1331 3566 communibus
1376 3495 1461 3562 cala·

207 3587 396 3667 nitatibus,
421 3607 504 3675 quas
527 3587 712 3654 renitentes
735 3594 770 3655 et
793 3588 953 3654 malitiosi
977 3590 1066 3655 cives
1088 3593 1279 3677 procurant,
1325 3589 1463 3676 propter

208 3697 292 3764 quos
315 3676 417 3740 etiam
440 3673 572 3762 tributa
595 3674 721 3763 majora
743 3679 833 3757 sunt,
858 3678 1053 3743 liberantur.
1078 3681 1228 3765 Apertus
1251 3678 1363 3740 autem
1408 3679 1462 3739 est

208 3763 363 3830 omnibus
385 3763 473 3829 liber
494 3760 671 3828 Sacramm
694 3763 952 3852 Scripturarum,
977 3789 1016 3832 ex
1040 3787 1104 3853 quo
1129 3785 1241 3830 omncs
1264 3762 1354 3828 cives
1377 3760 1461 3828 divi·

208 3874 286 3918 num
309 3850 401 3918 vitae
423 3851 605 3932 terrestris,
629 3859 669 3918 ut
692 3853 804 3920 felices
828 3855 906 3931 sint,
931 3855 1128 3941 sapientiam
1152 3852 1286 3918 haurire
1309 3854 1461 3938 possunt.

208 3939 365 4006 Audiant
388 3939 421 4006 S.
445 3939 589 4006 Paulum
612 3941 654 4006 ad
678 3940 791 4008 Titum
815 3941 849 4008 C.
874 3942 940 4008 ΠΙ.
952 3965 982 4006 ν.
998 3943 1025 4008 1.
1044 3942 1262 4007 scribentem:
1287 3936 1461 4019 „Admone

207 4027 287 4095 illos
311 4027 524 4117 Principibus
547 4035 582 4092 at
604 4030 830 4115 potestatibus
854 4029 1005 4096 subditos
1028 4051 1110 4108 esse,
1137 4030 1227 4094 dicto
1251 4025 1393 4105 obedire,
1418 4025 1462 4092 ad

209 4139 305 4184 omne
328 4139 412 4202 opus
436 4116 551 4183 datum
574 4124 711 4202 paratos
733 4124 838 4185 esse.“
861 4118 1005 4185 Sanctus
1027 4119 1150 4183 Petrus
1173 4115 1462 4204 quoqueAposto·

209 4205 319 4272 lorum
341 4205 502 4294 Princeps
526 4204 663 4272 eandem
687 4206 870 4274 doctrinam
895 4206 1001 4272 tradit
1027 4208 1060 4269 in
1083 4226 1144 4270 sua
1166 4202 1322 4292 Epistola
1335 4201 1362 4268 I.
1380 4199 1459 4288 Cap.

210 4293 256 4362 Π.
282 4293 391 4360 v.13.
417 4302 451 4359 et
475 4296 690 4383 sequentibus
714 4295 846 4362 dicens:
872 4293 1042 4382 „Subjccti
1066 4293 1174 4378 igitur
1220 4295 1328 4358 estote
1372 4291 1460 4356 omni

209 4382 375 4450 humanae
399 4387 572 4449 creaturae
593 4388 731 4472 propter
753 4385 870 4464 Deum,
897 4384 968 4449 sive
991 4381 1078 4468 Regi
1102 4380 1197 4468 quasi
1233 4377 1459 4468 praecellenti,

209 4471 284 4538 sive
306 4469 468 4551 Ducibus,
492 4477 661 4560 tamquam
685 4473 726 4538 ab
750 4494 788 4538 eo
812 4472 923 4538 missis
945 4468 1183 4536 advindictam
1198 4466 1459 4546 malefactorum,

211 4557 344 4628 laudem
368 4577 449 4625 vero
471 4558 640 4640 bonorum,
665 4560 743 4644 quia
765 4560 813 4628 sio
836 4568 888 4628 est
911 4558 1068 4627 voluntas
1102 4556 1197 4624 Dei.“
1243 4555 1277 4623 S.
1322 4553 1458 4634 Paulus,

211 4651 382 4716 orationes
406 4669 465 4736 pro
488 4647 638 4736 Regibus
663 4657 697 4714 et
720 4649 977 4736 Magistratibus
1000 4647 1073 4716 fieri
1119 4644 1305 4734 praecipit:
1353 4644 1376 4714 1.
1416 4644 1456 4706 ad
