3476 5366
850 373 913 438 196

778 466 983 480 ,.......-.....-..

261 603 397 673 siastioa
420 597 587 667 collatum.
633 592 724 678 Ergo
769 593 964 660 beneficium
995 593 1095 660 datur
1128 597 1266 681 propter
1289 591 1448 673 officium,
1466 597 1509 657 'et

262 695 334 761 sine
357 689 466 759 officio
489 681 713 752 ecclesiastico
736 680 930 748 beneficium
965 704 1029 747 non
1061 682 1171 762 datur,
1217 680 1356 768 ideoque
1389 679 1509 746 benefi-

263 786 385 850 ciorum
408 770 705 848 ecclesiasticorum
729 767 791 834 soli
815 767 935 836 Clerici
957 791 1094 857 capaces
1118 775 1206 836 suut.
1237 765 1375 835 Dicitur
1398 774 1511 834 autem

261 867 456 937 beneficium
479 862 532 951 jus
555 863 761 956 perpetuum,
786 877 870 943 quae
890 859 1100 1010 perpetuitas
1124 881 1164 924 ex
1188 855 1341 923 doctrine
1364 856 1496 944 Aposto

261 960 368 1026 lorum
414 951 574 1037 originem
618 943 732 1010 trahit.
760 943 792 1010 S.
816 943 889 1010 Pau
903 948 1003 1030 us1):
1053 943 1305 1032 ,Unusquisque
1333 943 1452 1031 inquit,
1476 943 1512 1008 in

262 1069 327 1134 qua
350 1041 523 1111 vocatione
547 1037 685 1100 uocatus
708 1037 761 1098 est
784 1032 817 1096 in
843 1054 880 1098 ea
903 1039 1114 1120 permaneat‘
1133 1037 1169 1120 2),
1215 1032 1291 1098 ideo
1314 1031 1511 1098 beneficium

211 1211 215 1220 ,
261 1156 326 1202 non
352 1137 403 1198 est
426 1126 513 1216 quod
536 1121 579 1188 ad
602 1125 720 1185 nutum
766 1118 970 1186 conferentis
1015 1119 1142 1187 dimitti
1180 1120 1288 1200 debet,
1321 1119 1410 1186 siout
1433 1123 1514 1185 sunt

262 1217 485 1310 capellaniae,
520 1215 580 1276 eut
602 1205 912 1274 Administraturae
934 1229 1039 1295 usque
1062 1208 1104 1272 ad
1139 1207 1339 1274 ordinariam
1363 1206 1514 1272 collatio-

261 1333 336 1378 nem
374 1302 475 1372 officii
506 1298 706 1367 commissae.
731 1293 866 1361 Dicitur
905 1294 1046 1384 denique
1078 1295 1270 1363 beneficium
1291 1294 1346 1382 jus
1370 1293 1514 1362 auctori·

262 1405 334 1466 tate
357 1387 581 1463 ecclesiastica
625 1381 793 1461 collatum,
818 1404 898 1470 ergo
922 1406 986 1449 non
1021 1405 1081 1473 per
1103 1385 1407 1471 praesentationem
1450 1381 1515 1448 Pa·

262 1485 369 1560 troni,
386 1479 445 1548 sed
467 1471 714 1543 institutionem
760 1469 1018 1540 ecclesiasticam
1064 1471 1145 1558 ejus,
1184 1471 1347 1560 adquam
1370 1476 1513 1557 spectat,

262 1571 443 1649 Pontificis,
467 1561 520 1633 vel
550 1559 720 1648 Episcopi.

558 1741 593 1834 ἓ.
622 1735 691 1818 21.
719 1731 853 1836 Origo
886 1734 1215 1818 Beneficiorum.

359 1895 425 1964 Jus
448 1883 650 1980 percipiendi
673 1887 856 1970 proventus
892 1903 965 1947 oum
998 1881 1108 1950 officio
1132 1903 1226 1948 sacro
1251 1880 1446 1969 conjunctos
1472 1899 1517 1944 ex

130 2022 137 2034 ν
263 1983 503 2072 Apostolorum
527 1971 679 2041 doctrina
692 1968 871 2035 derivatur.
896 1969 928 2036 S.
953 1969 1078 2036 Paulus
1097 1969 1169 2036 lae
1193 1968 1236 2035 sd
1259 1967 1411 2037 Corinth.
1431 1965 1513 2054 Cap.

263 2075 324 2143 IX.
350 2095 381 2139 v.
406 2071 436 2136 7.
460 2063 587 2150 inquit:
638 2057 740 2141 ,Quis
764 2063 898 2144 plantat
930 2057 1061 2124 vineam
1085 2063 1120 2124 et
1144 2058 1319 2126 defructu
1353 2057 1426 2144 ejus
1448 2075 1517 2121 non

263 2159 357 2230 edit?
402 2156 475 2245 quis
499 2149 606 2240 pascit
630 2167 774 2234 gregem,
807 2149 842 2211 et
876 2144 917 2211 de
944 2145 1029 2212 laete
1073 2147 1187 2234 gregis
1221 2137 1287 2211 nod
1311 2139 1516 2210 manducat?

264 2251 339 2317 dein
365 2271 395 2314 v.
419 2241 538 2310 9-14.
562 2235 677 2304 addlt:
723 2233 779 2300 Ita
803 2239 837 2298 et
863 2233 1025 2300 Dominus
1058 2233 1227 2314 ordinauit
1258 2234 1312 2315 iis,
1336 2232 1393 2320 qui
1416 2252 1518 2298 evan-

262 2337 387 2426 gelium
411 2328 616 2400 annunciant
640 2321 681 2388 de
704 2321 879 2406 evangelio
925 2321 1068 2388 vivera‘
1117 2321 1206 2388 Hine
1242 2324 1334 2408 origo
1356 2317 1517 2386 Beneficii

263 2427 305 2493 ab
329 2423 456 2508 origine
480 2413 593 2484 Officii
615 2408 795 2498 repetenda
829 2416 895 2492 est;
933 2411 1070 2476 obtento
1094 2409 1180 2476 enim
1214 2409 1325 2476 officio
1348 2429 1452 2487 sacro,
1477 2427 1518 2473 eo

263 2515 336 2602 ipso
357 2511 413 2593 jus
436 2499 694 2573 sustentationis
739 2497 913 2563 obtentum
937 2503 998 2563 est.
1023 2496 1144 2563 Primis
1167 2496 1337 2564 Ecclesiae
1360 2492 1519 2582 tempori·

262 2602 325 2668 bus
347 2595 467 2667 Clerici
490 2615 530 2658 ex
553 2585 778 2658 oblationibus
801 2584 948 2650 fidelium
972 2585 1143 2652 benevolis
1167 2585 1338 2666 vivebant,
1352 2584 1518 2650 habentes

264 2690 422 2754 alimenta
445 2687 479 2748 et
502 2679 622 2764 quibus
645 2679 860 2740 vescerentur
884 2673 985 2756 juxta
1026 2672 1213 2739 doctrinam
1236 2671 1467 2761 Apostolicam
1486 2673 1515 2759 ³)

264 2772 430 2856 contenti,
456 2789 515 2835 neo
538 2763 742 2854 quaerebant
765 2759 1016 2828 commoditates
1041 2762 1132 2828 vitae
1155 2761 1356 2849 temporalis,
1374 2753 1518 2845 ideoque

264 2862 384 2932 Clerici
407 2878 526 2926 aureae
549 2852 621 2939 ejus
644 2849 767 2916 aetatis
790 2847 913 2935 populo
936 2847 1029 2914 oneri
1053 2871 1116 2914 non
1141 2855 1247 2914 erant.
1271 2849 1350 2936 Ipse
1373 2847 1406 2914 S.
1430 2846 1519 2913 Pau·

263 2952 317 3018 lus
339 2943 524 3036 Apostolus
547 2937 700 3029 quamvis
721 2934 834 3037 'dicat
857 2957 893 3001 se
913 2934 970 3022 jus
994 2937 1115 3004 habere
1153 2936 1195 3002 ad
1218 2935 1368 3004 fidelium
1391 2944 1519 3022 tempo·

263 3039 350 3106 ralia
372 3038 508 3124 propter
530 3051 579 3108 ea,
602 3046 686 3114 quae
718 3023 801 3110 ipsis
826 3022 1040 3090 ministrabat
1085 3024 1283 3112 spiritualia,
1308 3033 1420 3092 tamen
1442 3043 1519 3088 exa·

264 3127 391 3195 ctiones
414 3143 480 3188 non
503 3118 582 3184 fecit
604 3111 815 3200 inquiens:
855 3115 1069 3199 ,Argentum
1093 3119 1132 3178 et
1151 3133 1278 3195 aurum,
1302 3120 1363 3180 aut
1386 3117 1516 3178 vestem

264 3214 390 3284 nullius
414 3203 597 3294 concupivi,
642 3200 730 3266 sicut
753 3197 818 3287 ipsi
853 3201 969 3285 scitis;
1016 3203 1169 3288 quoniam
1200 3200 1243 3266 ad
1266 3223 1304 3268 ea
1327 3221 1413 3287 quae
1436 3196 1522 3264 milui

264 3325 347 3390 opus
371 3302 475 3377 erant,
500 3305 534 3361 et
558 3292 618 3370 his,
643 3291 698 3376 qui
721 3309 847 3354 mecum
871 3295 960 3369 sunt,
986 3289 1263 3355 ministraverunt
1286 3311 1403 3358 manus
1417 3289 1516 3354 istae.

264 3393 381 3459 Omnia
404 3381 536 3454 ostendi
559 3377 663 3458 vobis,
695 3375 849 3475 quoniam
874 3375 922 3442 sio
944 3375 1136 3443 laborantes
1182 3382 1314 3462 oportet
1347 3376 1520 3463 suscipere

263 3480 423 3556 infirmos,
444 3495 482 3540 ac
505 3466 693 3536 meminisse
739 3465 833 3530 vsrb1
877 3462 1013 3530 Domini
1048 3463 1153 3532 Jesu:
1179 3465 1309 3532 beatius
1334 3472 1386 3534 est
1409 3464 1520 3550 magis

264 3570 353 3650 dare,
377 3585 475 3654 quam
498 3557 656 3644 accipere.
702 3551 749 3618 Et
772 3551 838 3616 alio
861 3551 933 3618 loco
951 3550 1036 3618 idem
1060 3553 1092 3618 S.
1117 3552 1301 3640 Paulus⁵):
1327 3561 1379 3622 est
1403 3557 1519 3618 autem

264 3663 422 3747 quaestus
445 3667 586 3734 magnus
609 3643 716 3730 pietas
740 3661 812 3705 cum
836 3637 1046 3706 sufficientia.
1072 3639 1139 3722 Qui
1170 3646 1283 3708 autem
1316 3642 1439 3709 divites
1462 3661 1522 3707 vo·

263 3747 340 3813 lunt
383 3738 457 3809 fieri
502 3732 656 3802 incidunt
679 3729 714 3794 in
737 3727 980 3802 tentantionsm
1017 3735 1051 3794 st
1083 3731 1118 3793 in
1142 3729 1296 3815 laqueum
1320 3729 1456 3809 diaboli,
1482 3734 1521 3795 et

265 3831 428 3900 desideria
452 3825 559 3892 multa
582 3817 725 3896 inutilia,
757 3821 792 3882 et
822 3817 948 3898 nociva,
995 3837 1080 3903 quae
1126 3825 1282 3902 mergunt
1305 3817 1455 3887 homiues
1480 3816 1519 3883 in

263 3922 439 3988 interitum
463 3920 497 3981 et
520 3907 749 4000 perditionem.
774 3903 886 3970 Radix
908 3904 997 3970 enim
1021 3906 1163 3970 omnium
1201 3906 1362 3975 malorum
1386 3911 1439 3974 est
1462 3926 1521 3972 cu-

263 4008 400 4096 piditas,
423 4025 521 4093 quam
545 3995 679 4088 quidam
713 3997 909 4080 appetentes
951 3998 1150 4060 erraverunt
1173 4015 1193 4058 a
1216 3993 1292 4077 fide,
1317 4002 1351 4064 st
1371 4001 1522 4062 inserue-

264 4103 346 4163 runt
369 4118 404 4161 se
427 4089 597 4159 doloribus
620 4080 752 4150 mullis:
771 4079 823 4145 Tu
847 4086 960 4146 autem
983 4080 1079 4146 homo
1117 4079 1180 4147 Dei
1204 4080 1284 4150 haec
1307 4084 1415 4172 fuga<

361 4183 394 4250 A
417 4177 547 4250 saeculo
571 4179 683 4240 sutem
712 4167 767 4236 VI.
792 4170 913 4234 sensim
951 4169 1009 4235 fixi
1032 4174 1217 4256 proventus
1241 4193 1281 4239 ex
1303 4175 1405 4262 agris,
1430 4169 1520 4239 deci·

266 4271 337 4350 mis,
360 4268 524 4355 frugibus,
549 4270 584 4330 et
606 4261 704 4340 stola,
742 4255 872 4324 Officiis
895 4257 1132 4325 ecclesiasticis
1166 4257 1295 4328 adnexa
1317 4269 1407 4329 sunt.

340 4441 688 4588 auersae
708 4442 733 4498 ⁷·
754 4461 780 4499 ..
975 4517 978 4526 -

340 4591 361 4662 ³)
380 4591 407 4647 S.
425 4539 609 4650 Pindis-'ee
623 4559 664 4644 'ad
685 4556 804 4647 iimoth.
827 4587 854 4644 C.
874 4589 899 4643 6.
920 4603 946 4644 v.
966 4586 994 4644 8.
1016 4643 1019 4646 .

340 4667 350 4698 ⁴
379 4664 463 4720 Actus
482 4666 578 4736 Apost.
604 4659 631 4716 C.
654 4658 712 4717 XX.
733 4677 759 4716 v.
779 4662 823 4716 33.
843 4664 948 4728 etseq.

339 4737 350 4770 ⁵
379 4737 444 4796 1-ao
462 4738 499 4794 ad
516 4734 637 4795 Timcth·
658 4729 685 4789 C.
706 4729 749 4790 VI.
771 4750 796 4791 v.
816 4737 842 4792 6.
