3426 5368
834 299 983 404 ‚3⁷3
1024 395 1038 401 -

315 517 503 600 duceretur,
528 524 562 588 et
585 517 697 587 studia
720 519 824 588 eidem
861 541 921 607 pro
951 519 1160 609 Eucbologio
1199 519 1407 590 Graecorum
1432 522 1573 589 comissa

315 629 428 675 omnes
471 607 693 675 Orientalium
728 606 829 674 libros
864 608 1185 697 complecterentur3
1230 630 1317 676 nova
1341 607 1572 696 congregatio

315 699 366 762 uti
411 695 546 762 stabilis
568 701 602 763 et
627 695 786 762 distincta
809 717 828 760 a
852 694 1119 784 congregatione
1155 697 1195 764 de
1217 695 1447 785 Propaganda
1493 697 1572 767 Fide

316 789 426 850 erecta
450 783 518 850 fnit
540 806 560 851 a
583 783 753 852 Clemente
797 782 859 850 XI.
895 807 994 872 snper
1033 787 1237 852 correctione
1268 786 1438 852 librorum
1463 789 1572 853 crien-

315 871 447 951 talium,
470 871 640 961 proprium
664 871 790 938 habens
802 871 1013 940 Praefectum
1037 879 1071 941 et
1095 873 1327 953 Secretarium‚
1354 880 1392 940 et
1417 879 1572 943 constans

316 981 358 1027 ex
381 960 526 1048 quinque
549 960 791 1041 cardinalibus,
817 959 970 1048 pluribus
993 961 1168 1050 theologis,
1182 963 1329 1050 virisque
1355 963 1571 1028 orientalium

316 1047 442 1114 rituum
466 1054 501 1114 et
524 1049 711 1134 linguarum
737 1049 867 1136 paritis.
913 1049 968 1116 Ex
1002 1050 1110 1153 ipsius
1149 1058 1261 1118 autem
1289 1048 1568 1136 Congregationis

317 1134 527 1203 Christianae
570 1136 669 1203 Fidei
714 1136 954 1225 Propagandae
1000 1143 1086 1206 actrs
1120 1145 1260 1228 apparet
1303 1137 1475 1225 quomodo
1508 1138 1570 1205 fere

316 1244 455 1311 semper,
479 1224 537 1290 ubi
562 1224 602 1291 de
625 1223 793 1312 aliquibus
832 1225 951 1292 summi
975 1231 1132 1294 momenti
1176 1224 1404 1295 Orientalium
1430 1227 1567 1312 negotiis

318 1317 390 1378 erat
413 1312 647 1400 peragendum,
695 1334 808 1380 corum
829 1335 907 1380 cura
931 1319 966 1380 et
1000 1336 1136 1383 examen
1181 1315 1286 1383 faerit
1333 1314 1566 1382 demandatum

316 1400 542 1488 peculiaribus
565 1400 732 1482 Consiliis,
749 1423 808 1469 seu
827 1403 1150 1488 congregationibus
1170 1404 1203 1472 S.
1220 1405 1261 1472 R.
1282 1402 1569 1472 acarnaniam

318 1493 465 1582 ejusdem
511 1491 788 1578 congregationis
813 1489 853 1556 de
886 1491 1108 1581 Propaganda
1152 1492 1248 1575 Fide,
1294 1491 1570 1582 quemadmodum

317 1583 517 1672 praestitum
541 1579 608 1646 fuit
632 1579 672 1645 de
696 1580 806 1660 rebus,
846 1600 930 1664 quae
968 1579 1113 1649 Graecos
1159 1579 1347 1661 Melobitas,
1399 1582 1569 1666 Armenes,

318 1674 452 1760 coptos,
476 1669 669 1748 Maronitas,
693 1667 881 1749 Rutbenos,
905 1667 1053 1756 aliasque
1088 1669 1277 1738 Orientales
1300 1669 1462 1738 nationes
1476 1675 1570 1760 respi-

319 1761 456 1828 ciebant.

414 1847 506 1914 Haeo
528 1850 641 1912 autem
664 1843 788 1931 agendi
810 1843 908 1926 ratio,
934 1865 1032 1934 quam
1066 1844 1140 1932 ipsa
1175 1867 1286 1913 rerum
1323 1850 1451 1913 natura
1474 1852 1508 1914 et
1528 1850 1569 1914 in·

320 1935 412 2003 doles
458 1933 616 2088 exposcit,
663 1932 770 2001 Nobis
807 1936 893 1999 viam
927 1933 1071 2000 munivit
1109 1933 1152 1999 ad
1174 1955 1213 2001 ea
1237 1933 1467 2017 deliberanda,
1491 1957 1569 2024 quae

318 2021 456 2092 Nostris
520 2020 586 2090 isce
618 2021 759 2088 Litteris
798 2019 1002 2088 constituere
1037 2022 1309 2090 existimavimus.
1357 2023 1444 2090 cum
1488 2023 1568 2092 enim

320 2133 440 2179 arcano
462 2110 609 2177 Divinae
632 2109 863 2199 providentiae
882 2108 1020 2177 consilio
1044 2109 1079 2176 in
1102 2111 1272 2178 bacPetri
1291 2111 1472 2192 cathedra,
1496 2111 1569 2179 licet

319 2201 540 2280 immerentes,
567 2197 719 2266 collocati
742 2198 922 2286 pastoralis
941 2198 1088 2267 Nostrae
1104 2199 1309 2286 vigilantiae,
1334 2199 1567 2268 sollicitudinis

321 2294 355 2355 et
378 2289 529 2355 caritatis
554 2309 650 2354 curas
674 2287 959 2375 cogitationesque
982 2286 1024 2354 ad
1046 2287 1238 2355 universum
1262 2288 1447 2357 humanum
1469 2309 1567 2375 genus

320 2377 550 2444 indesinenter
596 2375 772 2443 debeamus
819 2375 1007 2457 extendere,
1042 2397 1081 2444 ac
1108 2375 1207 2442 simul
1242 2377 1330 2443 omni
1360 2377 1568 2444 contentione

321 2465 405 2533 eniti
440 2471 475 2533 et
512 2463 654 2544 efficere,
676 2469 716 2529 ut
738 2486 851 2531 omnes
897 2463 1044 2532 homines
1087 2471 1289 2551 cognoscant
1323 2465 1432 2533 solum
1468 2464 1565 2532 Deum

322 2577 448 2636 verum,
473 2559 508 2622 et
531 2574 628 2641 quem
650 2553 741 2620 misit
763 2553 880 2620 Jesum
905 2553 1086 2634 christum,
1112 2558 1145 2620 et
1168 2574 1281 2620 omnes
1306 2558 1518 2623 occurrentes
1536 2553 1564 2616 in

321 2645 487 2711 unitatem
524 2641 612 2722 fidei,
628 2646 671 2708 -et
694 2640 877 2727 agnitionis
911 2639 993 2708 Filii
1031 2642 1096 2710 Dei
1129 2640 1234 2708 vitam
1268 2642 1426 2722 habeant,
1450 2640 1561 2708 idcirco

321 2732 375 2798 vel
399 2731 441 2796 ab
465 2731 539 2818 ipso
562 2729 681 2798 Nostri
704 2729 929 2798 Pontificatus
952 2730 1086 2797 exordio
1111 2751 1207 2796 curas
1227 2730 1371 2800 Nostrae
1396 2731 1439 2796 ad
1463 2729 1565 2794 Orien·

320 2820 409 2886 tales
433 2817 678 2886 studiosissime
701 2840 805 2902 aeque
839 2841 877 2885 aa
915 2819 1141 2886 amantissime
1177 2823 1412 2900 convertimus,
1437 2817 1566 2885 clemen·

321 2908 490 2984 tissimum
514 2905 811 2973 misericordiarum
835 2907 970 2973 Patrem
1006 2908 1078 2972 sine
1109 2906 1357 2975 intermissione
1382 2909 1514 2976 orantes
1535 2906 1566 2967 et

322 2997 545 3074 obsecrantes,
568 2999 608 3059 ut
633 2993 749 3080 quiin
773 2993 849 3060 fidei
872 2995 1005 3060 unitate
1039 3017 1112 3061 cum
1144 2994 1205 3063 hac
1228 2996 1384 3064 veritatis
1408 2990 1565 3063 cathedra

322 3089 402 3151 sunt
427 3081 617 3164 consociati,
641 3082 747 3167 magis
771 3083 806 3147 in
830 3081 901 3148 dies
925 3083 1065 3150 stabiles
1100 3089 1135 3150 et
1163 3087 1290 3152 immoti
1323 3085 1513 3172 persistant,
1536 3081 1566 3142 el

322 3177 509 3241 crescentes
543 3169 578 3235 in
610 3171 750 3236 scientia
779 3170 854 3251 Dei,
890 3176 924 3237 et
956 3172 1149 3258 cognitione
1186 3173 1318 3239 Domini
1346 3173 1465 3242 Nostri
1487 3167 1564 3235 Jesn

321 3260 448 3329 cbristi
471 3281 532 3348 per
554 3259 641 3325 bona
665 3280 764 3347 opera
788 3265 911 3324 certam
936 3281 1046 3326 eorum
1083 3261 1290 3330 vocationem
1322 3268 1357 3328 st
1380 3257 1565 3329 electionem

322 3349 474 3434 faciant;
499 3347 556 3435 qui
580 3368 659 3413 vero
684 3347 725 3413 ab
750 3347 846 3414 unico
867 3347 995 3414 christi
1030 3349 1120 3430 ovili,
1156 3355 1251 3416 extra
1275 3349 1364 3439 quod
1386 3350 1479 3418 salus
1501 3361 1565 3409 esse

211 3504 213 3508 ,
321 3459 387 3504 non
421 3441 543 3525 potest,
581 3435 699 3501 misere
737 3436 904 3516 aberrant,
929 3435 970 3502 ad
1005 3433 1089 3503 illud
1128 3437 1237 3505 redire
1259 3444 1450 3527 properent,
1472 3437 1563 3516 atque

321 3525 494 3592 festinent.
540 3522 592 3590 Ea
628 3544 727 3611 porro
750 3546 808 3612 spe
831 3529 1060 3591 sustentamur
1095 3525 1175 3603 iore,
1211 3534 1251 3593 ut
1274 3527 1368 3593 dives
1392 3526 1426 3593 in
1450 3519 1564 3590 miseri-

321 3613 434 3682 cordia
457 3614 548 3680 Deus
572 3611 663 3679 hisce
685 3612 823 3679 Nostris
857 3612 1049 3679 humillimis
1085 3620 1121 3680 st
1143 3614 1399 3682 ferventissimis
1423 3607 1563 3703 precibus

321 3701 490 3791 propitius
513 3721 660 3766 annuere
683 3701 775 3767 velit.
799 3700 942 3768 Interim
966 3723 1043 3768 vero
1067 3724 1146 3790 prae
1170 3704 1275 3770 oculis
1298 3703 1458 3772 babentes
1480 3714 1564 3795 pree·

322 3800 450 3858 sentem
473 3788 696 3857 Orientalium
720 3788 951 3869 conditionem,
977 3795 1011 3857 et
1034 3796 1219 3872 noscentes,
1244 3792 1280 3858 in
1302 3791 1469 3879 aliquibus
1490 3785 1563 3850 locis

343 3878 483 3946 uaedam
528 3877 776 3966 impedimenta,
810 3878 882 3944 Deo
917 3877 1112 3957 auxiliante,
1147 3881 1195 3944 ita
1227 3880 1330 3946 fuisse
1373 3883 1507 3951 remota,
1529 3874 1563 3934 ut

322 3903 506 4035 crientalis
529 3967 618 4033 ritus
640 3973 759 4050 gentes
783 3965 913 4054 possint
946 3989 1019 4034 cum
1043 3965 1106 4033 hac
1144 3967 1342 4054 Apostolica
1364 3967 1448 4034 Sede
1469 3961 1562 4056 libere

323 4059 572 4135 communicare,
597 4060 631 4121 et
654 4052 774 4121 idcirco
798 4054 932 4122 facilius
955 4054 1061 4123 Nobis
1084 4059 1129 4122 sit
1151 4056 1312 4141 gravibus
1334 4055 1465 4122 illarum
1488 4044 1562 4114 indr-

321 4143 449 4231 gentiis
494 4163 676 4223 occurrere,
722 4142 912 4230 Apostolioi
956 4143 1076 4210 Nostri
1115 4146 1290 4211 ministerii
1313 4167 1385 4212 esse
1409 4139 1559 4208 duximus,

324 4234 468 4302 Nostras
490 4239 649 4320 paternas
673 4252 769 4299 curas
793 4238 827 4298 et
851 4230 1094 4298 sollicitudines
1127 4233 1341 4319 ingeminatis
1372 4227 1491 4298 studiis
1512 4217 1561 4320 ad·

321 4323 446 4402 hibere,
470 4330 509 4386 ut
533 4320 702 4408 spirituali
726 4319 914 4404 eorumdem
948 4321 1169 4388 orientalium
1201 4321 1287 4388 bono
1312 4327 1346 4390 et
1369 4313 1561 4389 necessitatu-

322 4413 385 4477 bus
409 4409 564 4491 maiorem
604 4409 638 4474 in
674 4408 805 4474 modum
864 4409 1028 4495 respicere
1059 4409 1239 4476 valeamus.
1276 4411 1396 4498 Itaque
1430 4403 1560 4498 selectae

323 4499 356 4566 S.
379 4499 422 4566 R.
446 4497 486 4564 Ε.
511 4498 552 4563 de
574 4496 797 4584 Propaganda
852 4495 906 4562 ide
929 4494 1156 4563 cardinalium
1191 4505 1226 4563 et
1261 4498 1430 4566 Romanae
1452 4491 1560 4585 curret

323 4587 519 4654 Praesulum
543 4583 803 4671 congregationi
827 4584 1057 4666 commisimus,
1081 4591 1131 4666 ut,
1143 4587 1243 4652 rebus
1264 4585 1379 4652 sedulo
1392 4591 1557 4672 perpenfflt

323 4675 429 4742 Nobis
473 4684 680 4763 proponeret,
719 4693 804 4760 quae
826 4675 955 4761 potiora
990 4680 1102 4741 essent
1136 4673 1346 4761 suscipienda
1370 4666 1502 4741 consilia
1523 4653 1560 4725 td
