3476 5366
875 383 939 451 192

801 479 1006 488 -——·—-—--.

279 608 367 681 rant,
390 601 448 689 qni
470 600 577 686 legem
600 600 825 666 continentiae
847 623 885 668 ac
908 601 1089 670 coelibatus
1112 622 1171 688 pro
1196 600 1324 667 clericis
1348 600 1532 688 majoribus

187 703 193 714 “
280 688 494 764 occidentalis
516 686 686 754 Ecclesiae
710 686 743 757 S.
768 687 931 774 Gregorio
955 688 1030 756 VIl.
1076 687 1266 764 adscribere
1311 687 1531 770 contendunt,

280 800 354 845 cum
377 775 608 843 sanctissimus
630 774 690 841 ille
711 774 870 843 Pontifex
894 775 942 843 nil
965 777 1058 843 aliud
1080 776 1208 857 fecerit,
1254 797 1352 864 qnam
1397 776 1532 865 plenam

279 865 487 953 antiquorum
510 863 679 931 Canonum
704 863 959 945 observantiam,
984 865 1104 932 alicubi
1121 864 1310 952 collapsam,
1328 863 1529 944 instaurare,

279 960 380 1042 atque
403 951 590 1018 firmissime
614 951 746 1036 exigere
769 953 917 1032 (consule
940 952 1092 1021 Obronic.
1118 951 1290 1019 Lamberti
1314 958 1350 1018 et
1372 950 1463 1020 Scoti
1488 951 1533 1018 ad

280 1063 332 1107 an.
357 1039 456 1125 1064)
478 1038 756 1127 quemadmodum⁴
775 1039 981 1107 venerabiles
1004 1040 1076 1128 ejus
1099 1041 1287 1108 decessores
1309 1060 1347 1106 ac
1362 1061 1527 1107 successo·

278 1151 332 1196 res
353 1151 415 1216 pro
437 1128 562 1194 tuenda
585 1125 810 1194 ecclesiastica
833 1127 1009 1216 disciplina
1030 1128 1255 1196 indesinenter
1277 1127 1394 1196 fecisse
1407 1133 1460 1195 tot
1472 1150 1529 1194 au·

278 1217 431 1284 theutica
454 1215 650 1282 documenta
674 1214 856 1282 ostendunt
880 1239 918 1282 ac
941 1217 1099 1302 probant.

374 1306 442 1370 Ast
464 1305 615 1391 quamvis
638 1303 853 1390 (Benedictus
874 1302 971 1370 XIV.
995 1303 1224 1372 Instructionc
1262 1303 1334 1384 „Eo
1379 1305 1532 1389 quamvis

278 1398 447 1544 1000Ξοιοιι
471 1393 524 1456 die
546 1391 577 1457 4.
601 1390 671 1456 Mai
707 1390 816 1478 1745.)
840 1392 1091 1481 „antiquissimo
1114 1391 1225 1480 inquit
1247 1389 1451 1479 temporeed
1474 1413 1533 1457 au·

277 1502 342 1567 gen
368 1503 422 1545 am
445 1478 606 1546 clericalis
630 1477 767 1546 militiae
791 1478 1014 1562 sanctitatem,
1038 1487 1203 1569 ntraquae
1238 1479 1392 1546 Ecclesia
1439 1477 1532 1546 Occi·

280 1567 425 1635 dentalis
448 1571 483 1634 et
506 1565 690 1634 Orientalis
713 1588 816 1655 aeque
838 1569 1100 1656 praescripserit,
1126 1567 1248 1635 nedum
1292 1567 1530 1655 Presbyteros,

279 1655 338 1722 sed
360 1655 443 1721 alios
466 1657 565 1722 etiam
589 1654 624 1720 in
647 1654 751 1721 sacris
776 1654 956 1724 Ordinibus
980 1662 1183 1724 constitutos
1205 1658 1238 1721 in
1261 1659 1425 1743 perpetuo
1460 1675 1533 1721 cae·

278 1744 387 1810 libatu
410 1744 536 1809 versari
560 1741 687 1824 debere,
713 1746 747 1810 01
770 1743 855 1810 hanc
878 1743 1115 1812 custodiendae
1139 1742 1309 1812 castitatis
1354 1741 1531 1828 obligatio·

278 1854 352 1897 nem
375 1852 542 1918 nunquam
564 1831 730 1898 remiserit
753 1829 894 1898 aliarum
915 1839 1022 1899 mater
1045 1838 1080 1900 et
1103 1832 1266 1919 magistra
1289 1830 1440 1896 Romana
1478 1852 1530 1897 ec-

278 1918 396 2002 clesia;
420 1941 514 1985 00000
537 1925 649 1986 tamen
670 1919 813 2005 contigit
836 1924 950 1987 tractu
972 1919 1133 2009 temporis
1145 1919 1179 1986 in
1193 1918 1343 1986 Ecclesia
1353 1917 1532 1985 Orientali.

278 2045 321 2057 -
344 2006 479 2074 Etenim
502 2008 589 2073 sicut
611 2012 727 2095 aperte
750 2009 879 2074 eruitur
902 2031 941 2074 ex
964 2007 1085 2076 Codice
1107 2006 1296 2076 Justiniani
1341 2006 1377 2092 (l.
1424 2006 1453 2072 1.
1487 2005 1531 2073 de

279 2093 1031 2183 0010001010010144.Νο0.123.0.1.,
1079 2096 1142 2177 14.,
1187 2094 1255 2180 29.)
1302 2095 1403 2161 etiarn
1447 2099 1532 2160 ante

279 2182 454 2250 concilium
477 2181 674 2250 Trullanum
696 2183 843 2272 perfecte
867 2184 1093 2252 continentiae
1116 2184 1172 2251 vel
1196 2181 1385 2271 coelibatus
1421 2181 1531 2270 legem

279 2270 343 2338 soli
361 2269 519 2358 Episcopi
542 2271 732 2352 servabant,
756 2277 792 2337 et
814 2272 871 2339 vix
894 2275 1029 2360 insuper
1059 2275 1115 2361 qui
1139 2271 1283 2339 coelibes
1328 2270 1372 2336 ad
1415 2291 1531 2337 sacros

279 2357 421 2426 Ordines
444 2358 669 2445 accedebant;
715 2365 919 2447 quapropter
942 2361 1029 2448 quod
1063 2367 1137 2427 erat
1182 2364 1282 2426 antea
1326 2357 1532 2426 cantoribus

277 2447 539 2534 Lectoribusqne
561 2447 736 2528 tributum,
760 2448 906 2516 invaluit
928 2448 1030 2516 etiam
1053 2469 1113 2536 pro
1135 2445 1360 2532 Presbyteris,
1388 2445 1533 2533 aliisque

278 2534 417 2602 Clericis
439 2537 475 2600 in
496 2533 606 2601 Sacris
630 2535 835 2617 constitutis,
859 2542 900 2603 ut
922 2559 1039 2624 nempe
1059 2559 1132 2604 cum
1155 2534 1317 2602 uxoribus
1340 2555 1425 2622 quas
1448 2539 1531 2600 ante

279 2645 405 2690 sacram
428 2622 680 2690 Ordinationem
704 2624 879 2704 duxerant,
904 2624 1128 2712 conjugaliter
1163 2624 1328 2690 viverent.
1363 2621 1533 2689 Districte

277 2717 388 2778 tamen
412 2733 451 2777 ac
473 2711 534 2776 sub
557 2711 768 2796 gravissimis
790 2713 905 2799 poenis
928 2713 1104 2801 utriusque
1125 2711 1211 2801 juris
1234 2710 1441 2811 praescripto
1454 2730 1532 2776 oau-

278 2803 349 2866 tum
373 2798 501 2864 fuitne
523 2798 767 2886 Hypodiaconi,
790 2798 942 2879 Diaconi,
967 2822 1005 2867 ac
1028 2800 1224 2888 Presbyteri
1247 2803 1323 2888 post
1335 2797 1532 2886 hujusmodi

283 2886 522 2954 ordinationem
558 2888 804 2954 matrimonium
839 2893 1010 2955 attentare
1044 2891 1302 2974 praesumerent.
1335 2885 1446 2969 Quare
1468 2883 1533 2952 Ca·

278 2994 363 3040 none
384 2973 445 3040 VI.
470 2973 994 3043 00001111Το01100101010110οε
1021 2976 1206 3060 „Quoniam
1241 2973 1277 3041 in
1321 2972 1533 3062 Apostolicis

278 3061 467 3130 Canonibus
491 3061 583 3146 (Can.
608 3063 674 3148 27.)
699 3063 911 3144 dictumest,
935 3075 1047 3131 eorum
1071 3065 1129 3153 qui
1151 3086 1219 3131 non
1241 3063 1342 3129 ducta
1364 3083 1478 3143 uxore,
1493 3060 1533 3129 in

279 3149 409 3217 Clarum
434 3159 680 3237 promoventur,
706 3150 793 3218 solos
816 3151 974 3219 Lectores
998 3160 1033 3219 et
1055 3152 1217 3220 (lautores
1248 3172 1384 3240 uxorem
1429 3171 1533 3238 posse

279 3238 407 3324 ducere,
430 3246 464 3304 et
486 3260 546 3304 nos
569 3238 630 3307 boc
653 3245 826 3306 servantes
850 3240 1065 3322 decernimus,
1088 3246 1129 3308 ut
1152 3239 1308 3327 deinceps
1330 3237 1416 3304 nulli
1432 3236 1530 3325 peni·

276 3332 334 3392 tus
357 3325 607 3414 Hypodiacono,
632 3327 684 3396 vel
708 3327 866 3408 11100000,
894 3329 946 3396 vel
969 3328 1174 3416 Presbytero
1196 3336 1273 3416 post
1296 3327 1351 3394 sui
1396 3323 1543 3392 0001100·

277 3415 401 3569 pliorem
426 3413 670 3483 matrimonium
694 3415 890 3484 contrahere
913 3417 1022 3499 liceat,
1046 3417 1075 3485 si
1099 3422 1211 3484 autem
1226 3413 1531 3493 luerithocansus,

301 3507 495 3571 conatur.“

318 3527 340 3592 P
372 3591 406 3676 2)
429 3590 537 3656 Juxta
561 3591 711 3659 Oenones
733 3591 847 3679 itaque
871 3592 1061 3658 Orientales
1072 3589 1322 3659 Matrimonium
1336 3587 1531 3676 legitimum

278 3684 472 3759 absectum,
497 3701 556 3746 000
580 3679 705 3767 siquis
729 3680 866 3746 liberam
890 3681 987 3746 duxit
1021 3688 1121 3767 atque
1166 3678 1342 3764 virginem,
1390 3697 1532 3764 eamque

277 3787 386 3845 unam,
411 3789 476 3832 non
499 3774 551 3833 est
572 3767 845 3854 impedimentum
877 3769 918 3834 ad
953 3790 1065 3835 sacros
1098 3765 1241 3833 Ordines
1280 3763 1526 3854 suscipiendos.

278 3853 344 3920 Sed
366 3858 400 3920 01
423 3853 538 3921 Latini
560 3862 755 3942 promovent
778 3856 821 3922 ad
844 3877 956 3922 000000
979 3855 1120 3921 Ordines
1144 3853 1271 3932 viduos,
1301 3852 1360 3942 qni
1382 3873 1524 3919 uxorem

277 3963 376 4007 unam
400 3947 500 4030 atque
522 3943 686 4027 virginem
711 3943 915 4024 habuissent,
940 3950 1020 4010 ante
1043 3942 1186 4009 Ordines
1210 3940 1413 4008 defunctam.

376 4029 412 4118 3)
435 4029 477 4096 In
499 4029 649 4096 Ecclesia
672 4031 838 4098 Orientali
872 4032 1067 4118 Presbyteri
1100 4037 1137 4098 01
1163 4029 1339 4097 1010010000
1362 4026 1530 4108 Μ1010101,

278 4117 379 4184 etiam
403 4125 479 4202 post
502 4140 612 4184 000000
636 4119 777 4186 Ordines
800 4119 894 4186 licite
916 4141 1036 4184 uxores
1059 4119 1206 4186 retinent
1223 4127 1258 4184 et
1276 4117 1318 4182 110
1337 4115 1531 4183 convivunt

275 4205 374 4292 juxta
398 4203 564 4272 (lenonem
587 4206 729 4276 Concilli
752 4205 907 4275 Prullani
930 4206 1029 4273 XIII.
1054 4205 1451 4295 atqueConstitutinnem
1466 4201 1533 4272 Be·

278 4292 402 4359 nedicti
423 4292 515 4360 XIV.
542 4292 607 4376 ,Ε1
630 4296 659 4360 01
682 4295 887 4362 Pastoralie“
914 4294 1009 4382 cujus
1034 4297 1135 4362 verba
1158 4299 1254 4361 sunt:
1287 4292 1367 4361 Nro.
1391 4289 1532 4360 XXVI.

280 4379 398 4468 „Etsi
422 4403 464 4448 ex
487 4383 642 4450 etendum
665 4406 761 4472 quam
787 4385 926 4450 maxime
963 4389 1060 4465 00001,
1085 4389 1125 4450 01
1160 4380 1282 4450 Gracci
1327 4382 1464 4448 010001
1489 4377 1533 4448 in

277 4469 452 4538 00001000
477 4471 586 4537 ‘nibus
609 4472 796 4553 constituti,
820 4471 1023 4553 castitatem,
1047 4493 1232 4539 00000000
1255 4491 1294 4536 ac
1346 4467 1430 4534 atini
1455 4488 1533 4536 ser·

279 4609 484 4618 ...a-—

278 4669 346 4727 Vide
364 4671 478 4741 insuper
496 4666 581 4740 Epist.
601 4671 628 4724 S.
648 4669 738 4726 Sirioii
758 4669 793 4724 ad
811 4667 965 4723 llimerium
984 4668 1181 4725 Tarraconens.
1203 4666 1268 4739 Cap.
1290 4667 1315 4722 7.
1336 4665 1363 4719 S.
1374 4665 1430 4720 Leo
1439 4664 1532 4792 Epist.

278 4741 320 4799 84.
340 4744 377 4799 ad
395 4742 520 4816 Episcop.
541 4741 686 4798 Thesalon.
708 4740 735 4796 C.
755 4741 780 4796 1.
801 4745 829 4796 01
849 4741 927 4812 epist.
948 4742 990 4796 92.
1011 4742 1047 4796 ad
1066 4741 1161 4797 Rustic
1180 4738 1439 4811 Episcopllarbon.
1505 4739 1533 4796 3.
