3464 5366
728 479 954 588 AB&
1007 491 1008 498 ‘

210 725 273 787 qne
296 701 407 770 decem
430 701 615 790 Episcopis,
633 695 696 790 ¹qui
719 702 826 789 ipsum
839 708 1008 790 tamquam
1020 699 1208 787 legitimum
1222 698 1455 768 ¹Patriarcham

207 797 422 871 venerantur,
447 797 482 857 et
504 789 630 870 colunt,
655 790 793 879 provido
816 790 1055 878 gubernantur.

301 900 335 987 2)
358 899 553 967 Patriarcha
568 899 820 979 Maronitarum,
855 921 928 966 cnm
962 897 1065 964 titulo
1101 895 1205 964 etiam
1240 885 1454 980 Antiocheni,
1492 874 1495 883 .

204 1010 301 1076 quem
323 987 524 1055 Benedictus
546 971 642 1054 XIV.
667 986 756 1053 datis
780 988 832 1053 26.
856 985 973 1053 Martii
997 985 1092 1052 1743.
1117 984 1265 1052 Litoris:
1291 988 1456 1068 „Aposto-

203 1079 268 1142 lica
289 1076 604 1144 Praedecessornm“
629 1080 691 1142 etc.
715 1075 764 1142 sic
787 1081 1043 1146 commemorat:
1089 1073 1288 1140 Patriarcha
1333 1063 1456 1141 Antio-

204 1163 306 1245 chiae,
329 1186 368 1232 ac
390 1163 496 1231 totins
520 1163 666 1230 nationis
689 1164 941 1244 Maronitarum,
988 1162 1097 1228 sedem
1121 1161 1223 1228 habat
1260 1161 1296 1227 in
1342 1169 1455 1231 monte

203 1252 342 1334 Libano,
366 1252 402 1320 15
427 1252 600 1332 Ooenobio,
625 1251 711 1335 qnod
735 1250 966 1318 Connubiensa
990 1250 1123 1316 dicitur.
1148 1248 1217 1316 Sub
1264 1271 1328 1334 quo
1373 1257 1453 1318 sunt

204 1339 481 1428 Archi-Episcopi
504 1345 539 1406 51
560 1339 719 1428 Episcopi
742 1339 838 1428 juxta
867 1344 1034 1405 statutum
1079 1340 1114 1403 in
1137 1337 1273 1422 Synodo
1319 1339 1372 1404 3·a
1398 1339 1454 1406 Se-

204 1429 366 1514 ptembris
390 1428 484 1494 1736.
510 1427 689 1509 conditum,
714 1433 908 1512 sequentes:
934 1426 963 1492 1.
988 1427 1122 1514 Aleppi.
1147 1425 1178 1490 2.
1211 1425 1357 1514 Tripolis
1381 1450 1455 1494 cnm

204 1515 329 1596 Janiel,
354 1516 442 1584 Arca
465 1515 621 1596 Balanea,
647 1515 804 1596 Aradum,
829 1511 1453 1595 0515555555,(1555151155115555.

204 1603 307 1690 Bybli
330 1609 364 1670 51
383 1603 486 1684 Botri,
511 1625 584 1670 cum
605 1602 964 1690 jurisdictioncctiam
1009 1602 1044 1668 in
1090 1601 1268 1668 Dioeceses
1314 1603 1454 1686 Acurae,

204 1690 429 1760 Dairolomari
452 1698 486 1758 et
509 1691 670 1778 Regionis
693 1691 874 1778 Bisarajae.
897 1690 929 1757 4.
941 1689 1118 1777 Helipolis,
1136 1710 1210 1755 cum
1222 1690 1456 1775 jurisdictione

205 1780 307 1848 etiam
330 1779 364 1845 in
388 1779 564 1847 Dioeceses
586 1779 790 1859 Phatnchae,
836 1779 927 1848 Guta
974 1783 1008 1844 et
1033 1777 1145 1843 Gazir.
1178 1778 1208 1843 5.
1232 1778 1396 1846 Damasci.
1423 1781 1454 1847 6.

204 1867 296 1956 Cyri,
321 1889 392 1936 cum
416 1868 567 1954 Begione
589 1866 732 1934 Obesroe
755 1889 857 1956 usqne
880 1866 922 1932 ad
944 1870 1080 1954 pontem
1101 1866 1243 1953 Beryti.
1268 1867 1299 1932 7.
1322 1867 1454 1956 Beryti,

205 1953 1348 2132 551551551155115551515151
1376 1978 1455 2110 11ῗέ

205 2131 357 2200 rnsalem.

301 2242 334 2330 3)
359 2243 487 2310 Graeco
511 2240 693 2310 Catholicis
716 2241 977 2308 adnumerantur
1001 2239 1102 2307 etiam
1125 2239 1245 2309 Graeci
1284 2247 1318 2306 51
1351 2239 1454 2308 Alba·

90 2406 92 2412 ,
205 2353 333 2412 nenses,
358 2330 415 2418 qui
438 2330 472 2395 in
496 2329 600 2396 Italia
623 2335 659 2396 et
681 2329 911 2417 adjacentibus
934 2328 1061 2396 Insnlis
1085 2328 1221 2415 degunt,
1261 2328 1318 2417 qui
1361 2351 1455 2414 gras-

207 2423 302 2486 sante
322 2417 516 2507 jamdudum
539 2418 573 2482 in
599 2416 736 2484 Oriente
760 2418 975 2485 barbarorum
1004 2417 1223 2497 immanitate,
1248 2439 1287 2483 ex
1300 2416 1452 2499 Graecia,

204 2506 318 2596 Epiro,
343 2507 500 2588 Albania,
526 2506 667 2594 aliisque
690 2506 794 2572 Asiae
817 2505 1026 2592 Regionibus
1051 2504 1094 2570 ad
1116 2504 1262 2582 Italiam,
1287 2504 1382 2592 eique
1398 2506 1456 2571 ad-

200 2597 350 2682 jacentes
373 2594 517 2675 Insulas,
542 2601 712 2678 tamquam
735 2594 776 2659 ad
811 2593 890 2659 fidei
935 2599 970 2660 et
1015 2592 1276 2681 tranquillitatis
1320 2597 1455 2680 portum
1582 2618 1593 2639 ν

205 2683 445 2770 confugientes,
470 2681 593 2748 ibidem
616 2682 720 2762 sedes,
746 2688 780 2748 51
804 2680 1007 2748 domicilium
1030 2680 1257 2765 collocarunt;
1305 2686 1339 2746 51
1383 2685 1455 2747 tam

204 2771 279 2860 ipsi,
303 2792 401 2858 qnam
425 2791 538 2854 eorum
561 2771 687 2858 posteri
711 2769 913 2838 Graecorum
937 2790 1053 2850 mores,
1091 2769 1263 2849 instituta,
1296 2767 1385 2835 ritus
1420 2775 1456 2836 et

205 2858 461 2926 consuetudines
484 2880 504 2922 5
527 2857 664 2926 Graecis
687 2858 957 2946 progenitoribus
991 2857 1056 2924 sibi
1101 2856 1258 2938 traditas,
1304 2856 1455 2924 studiose

205 2949 393 3023 observant.
420 2945 549 3028 Quibus
572 2951 611 3012 ut
634 2951 768 3033 praesto
792 2945 861 3012 sint
883 2944 1042 3027 Ministri,
1067 2967 1087 3012 a
1141 2944 1239 3010 uibus
1259 2943 1359 3032 juxta
1380 2966 1455 3033 pro·

204 3036 312 3122 prium
336 3035 438 3100 ritum
462 3041 669 3100 sacramenta
692 3033 889 3122 percipiant,
911 3033 1064 3101 Clemens
1141 3033 1185 3100 Π.
1195 3033 1355 3099 Pontifex
1365 3055 1454 3100 anno

206 3123 300 3189 1595.
324 3122 502 3189 constitnit
525 3122 650 3189 Bomae
674 3121 862 3188 habendum
886 3143 957 3187 esse
980 3121 1183 3210 Episcopum
1205 3120 1370 3189 Graecum
1394 3121 1456 3189 Ca·

205 3212 376 3278 tholicum.
401 3209 553 3277 Clemens
576 3232 655 3277 vero
679 3210 758 3276 XII.
782 3232 868 3276 anno
893 3210 988 3276 1735.
1012 3215 1052 3276 ut
1074 3208 1382 3276 Italo-Graecorum
1417 3210 1454 3276 in

204 3305 345 3388 utraque
368 3296 483 3365 Sicilia
507 3300 779 3377 commorantium
803 3298 980 3366 commodis
989 3296 1186 3377 consuleret,
1213 3296 1455 3382 altarnmejua-

206 3389 279 3453 dem
316 3389 404 3454 ritus
429 3385 549 3454 Graeci
572 3386 774 3475 Episcopum
797 3388 831 3452 in
856 3386 1040 3453 Seminario
1064 3385 1202 3453 Corsino
1226 3407 1246 3450 a
1277 3407 1311 3452 se
1334 3385 1369 3450 in
1393 3385 1456 3452 (la-

204 3475 311 3542 labria
335 3479 453 3555 erecto,
477 3479 614 3562 propter
637 3476 839 3552 Graecorum
863 3474 1053 3561 hujusmodi
1077 3472 1305 3540 ordinationes
1322 3495 1455 3541 manere

201 3563 315 3650 jussit.
341 3562 488 3645 Quorum
513 3562 781 3629 laudatissimum
804 3563 1001 3629 institutum
1024 3561 1237 3629 confirmavit
1259 3569 1294 3629 et
1317 3561 1454 3627 innova-

205 3652 257 3717 vit
275 3650 475 3717 Benedictus
500 3650 595 3719 XIV.
619 3651 890 3718 Constitutiona:
916 3650 1014 3733 „Etsi
1047 3648 1254 3716 Pastoralis“
1296 3649 1387 3717 Tom.
1423 3650 1453 3717 Ι.

203 3739 349 3806 Bullarii
370 3759 446 3826 pag.
472 3738 545 3804 167.
554 3740 575 3825 ¹)

298 3848 334 3937 4)
359 3848 666 3917 Graeco-Catholici
688 3849 724 3914 in
758 3848 952 3916 Monarchia
998 3846 1189 3914 Austriaca.
1235 3845 1455 3936 Metropolitas

205 3937 594 4006 Graeco-Catholioorum
616 3938 652 4002 in
676 3936 807 4004 Galioia
844 3936 1084 4025 Leopoliensis,
1127 3958 1201 4003 cum
1242 3937 1451 4022 suffraganeo

204 4024 371 4112 Episcopo
391 4025 657 4110 Prsemislisnsi;
681 4027 763 4091 itam
785 4025 1018 4092 Buthenorum
1047 4023 1199 4111 Episcopi
1222 4023 1258 4090 in
1276 4023 1455 4110 Hungaria

204 4113 479 4194 Munlratsiensis,
504 4120 538 4180 51
561 4113 815 4202 Eperjesiensis,
840 4134 877 4179 ac
902 4113 937 4179 in
960 4112 1119 4179 Slavonia
1150 4110 1337 4180 Orisiensis.

300 4225 334 4308 5)
355 4224 533 4291 Provincia
556 4223 783 4293 ecclesiastica
806 4223 1197 4293 Graeco-Catholicornm
1228 4222 1454 4289 Romanorum

204 4311 479 4394 Alba-Julicnsis,
504 4313 565 4379 sub
588 4312 696 4379 Metro
721 4313 804 4379 olita
838 4311 1098 4392 Alba-Juliensi,
1143 4311 1346 4378 Dioecesano
1390 4309 1454 4376 Eo-

204 4401 479 4485 garasiensi,cum
488 4337 1455 4487 Magnovaradinensi,Lugosiensi,etSzamos·Ujvariensi

204 4488 382 4577 Episcopis
405 4489 635 4576 suffraganeis.
658 4489 699 4556 In
722 4489 866 4578 Imperio
890 4489 1070 4555 Austriaco
1116 4494 1196 4554 sunt
1240 4507 1340 4575 supra
1375 4508 1454 4575 qua·

205 4586 283 4644 t'nor
306 4577 472 4644 mrlliones
496 4576 813 4659 Graeco-Catholici,
837 4577 1014 4643 Ruthenae
1027 4581 1062 4642 et
1082 4575 1282 4642 Bomonicae
1295 4573 1452 4641 nationis.

284 4847 301 4920 ¹)
322 4846 381 4902 Vid.
402 4845 521 4901 Antoinc
540 4846 608 4900 Pars
626 4845 657 4898 ΙΙ.
679 4844 713 4898 (15
732 4845 824 4902 Sacris
844 4843 953 4901 Ritibus
972 4861 1033 4916 pag.
1054 4844 1096 4897 36.
1178 4849 1182 4859 ‘
