3420 5358
936 359 1001 424 268

864 455 1067 462 ——-——

342 579 459 648 dentes
482 580 543 646 sub
567 579 707 668 paterna
730 581 802 666 ejus
836 586 1005 669 potestate
1034 585 1182 666 tempore
1199 578 1400 668 adoptionis
1423 579 1574 646 constitu·

341 672 404 747 tos,
430 689 576 733 necnon
599 667 689 734 inter
711 666 925 756 adoptantem
939 668 1157 757 adoptatique
1173 688 1310 732 uxorem
1333 672 1366 734 et
1390 666 1576 756 adoptatum

341 754 488 822 vicissim
513 761 547 821 et
570 758 762 843 adoptantis
785 777 929 823 uxorem.
961 757 1136 822 Praeterea
1176 755 1334 843 quamdiu
1357 755 1491 842 adoptio
1509 777 1575 843 per·

342 842 451 923 durat,
475 843 565 910 inter
588 843 785 931 adoptatum
808 850 844 910 at
866 844 1061 932 adoptantis
1084 842 1207 908 liberos
1224 843 1385 924 ceruales,
1406 842 1574 929 legitimos,

341 931 402 996 sub
426 935 593 1018 potestate
616 938 755 1019 paterna
778 934 981 1000 constitutos
1027 931 1273 998 matrimonium
1318 930 1497 997 consistere
1526 953 1576 996 ne-

341 1018 424 1106 quit.
447 1019 552 1086 Porro
576 1021 603 1104 ξ.
627 1020 680 1086 29.
703 1020 852 1108 Adoptio
872 1021 960 1106 juris
982 1019 1155 1086 Austriaci
1179 1019 1270 1084 intra
1283 1019 1453 1106 praefatos
1474 1019 1575 1084 termi-

340 1127 400 1172 nos
424 1107 671 1174 matrimonium
695 1108 830 1186 dirimit,
855 1112 984 1196 quoties
1008 1109 1188 1195 adoptatus
1215 1113 1375 1194 paternae
1394 1107 1575 1194 adoptantis

340 1195 502 1281 potestati
525 1195 730 1282 subjiciatur,
755 1196 807 1262 vel
832 1197 866 1264 in
891 1197 1037 1282 eiusdem
1062 1196 1193 1261 domum
1216 1193 1503 1260 filioruml'amilias'
1523 1195 1574 1260 ad·

340 1285 448 1348 instar
471 1283 722 1349 cohabitaturus
756 1285 946 1372 recipiatur.
994 1284 1120 1366 Quodsi
1155 1289 1266 1348 autem
1299 1305 1404 1370 neque
1427 1289 1575 1370 paternae

340 1369 533 1459 adoptantis
555 1373 716 1458 potestati
741 1372 948 1458 subjiciatur,
973 1395 1077 1460 neque
1098 1372 1133 1437 in
1164 1370 1312 1456 ejusdem
1336 1371 1467 1436 domum
1489 1371 1574 1436 coba·

340 1459 510 1525 bitaturus
533 1459 724 1546 recipiatur,
749 1461 884 1547 adoptio
913 1459 1000 1546 juris
1034 1459 1207 1525 Austriaci
1242 1458 1458 1546 imperfectae
1477 1460 1575 1546 aequi-

340 1546 488 1634 paranda
512 1543 573 1627 est',
596 1554 631 1614 et
654 1547 782 1614 nullum
804 1548 1005 1613 matrimonii
1039 1547 1310 1635 impedimentum
1334 1545 1488 1613 involvit

435 1631 528 1701 Haec
558 1637 657 1701 etiam
689 1634 1022 1704 Graeco-Catholicos
1046 1636 1079 1701 in
1112 1634 1253 1701 Austris
1298 1635 1460 1721 obligant,
1495 1639 1575 1721 post-

362 1743 438 1786 uam
472 1721 533 1788 hoc
559 1723 828 1812 impedimentum
875 1723 1082 1808 cognationis
1127 1722 1247 1809 legalis
1286 1723 1389 1789 etiam
1434 1721 1575 1789 Ecclesia

340 1743 521 1876 briennus
544 1810 728 1898 adoptavit,
753 1818 901 1879 attamen
924 1811 968 1877 ad
1001 1811 1077 1877 illas
1100 1811 1266 1877 duntaxat
1289 1831 1449 1900 personps
1472 1831 1573 1898 expor-

239 1971 241 1976 ,
339 1896 473 1982 rigitur,
498 1920 581 1984 quae
606 1900 844 1968 determinatae
858 1905 938 1966 sunt
960 1922 979 1964 a
1001 1899 1076 1985 jure
1088 1899 1248 1980 Romano,
1262 1920 1343 1986 quas
1356 1898 1575 1987 paragraphus

340 2005 480 2071 sequens
511 1986 648 2053 indicat.

297 2257 300 2266 Ι
340 2165 375 2257 ἓ.
417 2161 510 2244 113.
549 2164 912 2266 impedimentum
957 2163 1230 2268 cognationis
1275 2162 1447 2266 legalis,
1491 2162 1574 2245 sive

349 2295 353 2302 '
549 2289 812 2394 Adoptionis
844 2290 889 2372 in
919 2289 1112 2372 Ecclesia
1140 2287 1368 2400 Orientali.

434 2434 711 2522 Impedimentum
746 2436 953 2524 cognationis
988 2435 1118 2523 legalis,
1152 2435 1224 2501 sive
1259 2434 1451 2522 adoptionis
1483 2432 1574 2501 etiam

340 2521 492 2588 Ecclesia
517 2523 699 2594 Orientalis
721 2527 849 2609 sanxit;
879 2524 918 2590 de
954 2545 1018 2611 quo
1052 2523 1256 2610 Blastaris1)
1280 2521 1481 2590 haecdicit:
1508 2520 1575 2601 ,Ce-

340 2615 449 2676 terum
472 2610 662 2698 adoptionis
690 2612 791 2679 etiam
825 2634 909 2700 quae
943 2613 1159 2679 successionis
1192 2633 1291 2678 causa
1313 2611 1355 2678 fit
1376 2609 1513 2700 perinde
1533 2631 1575 2674 ru-

340 2697 464 2763 tionem
499 2699 682 2765 habendam
717 2723 755 2766 ac
784 2701 1104 2786 consanguineitatis
1146 2722 1207 2787 per
1240 2721 1351 2766 sacros
1386 2719 1526 2766 canones
1547 2704 1576 2762 et

339 2785 514 2874 religiosas
537 2792 628 2874 leges
652 2789 760 2855 edocti
783 2810 916 2874 sumns;
940 2787 1037 2875 idque
1060 2793 1132 2854 tum
1155 2794 1310 2876 respectu
1331 2787 1495 2876 graduum
1518 2807 1576 2850 ma-

338 2873 587 2957 trimonialium,
612 2880 684 2940 tum
716 2875 886 2947 adeundae
917 2882 1077 2962 paternae
1115 2875 1323 2942 hereditatis.
1368 2873 1446 2943 Nou
1474 2879 1575 2962 potest

339 2966 443 3047 pater,
467 2965 521 3048 qui
546 2962 652 3030 filium
676 2963 861 3051 adoptavit,
885 2963 949 3030 filii
983 2965 1132 3052 adoptivi
1155 2964 1259 3030 filiam
1297 2963 1349 3030 vel
1372 2968 1505 3051 neptem
1527 2961 1577 3026 du·

338 3069 425 3133 cere3
449 3071 509 3116 nec
531 3050 621 3116 filius
644 3051 823 3139 adoptivus
846 3051 1039 3140 adoptantis
1062 3053 1169 3140 patris
1192 3073 1338 3134 uxorem,
1356 3051 1408 3118 vel
1434 3056 1576 3128 matrem,

338 3136 393 3202 vel
416 3158 560 3203 sororem
586 3140 713 3220 matris,
737 3139 791 3206 vel
814 3145 946 3230 neptem
970 3163 1011 3206 ex
1033 3140 1132 3206 filiu‘
1160 3139 1316 3227 Synodus
1340 3146 1454 3208 autem
1477 3138 1576 3204 Maro·

338 3227 485 3292 sitarum
508 3226 548 3293 de
571 3249 657 3293 anno
682 3228 776 3294 1736.
807 3229 980 3313 sequentia
1010 3227 1153 3294 statuit:
1193 3227 1357 3313 Cognatio
1389 3224 1578 3314 legalis'est

338 3314 574 3402 propinquitas
598 3339 637 3384 ex
661 3316 838 3404 adoptione
868 3316 1087 3405 proveniens;
1126 3316 1263 3403 adoptio
1295 3322 1407 3383 autem
1439 3322 1491 3383 est
1512 3335 1578 3402 par-

338 3424 437 3468 sonae
460 3412 646 3487 extraneae,
671 3427 730 3471 seu
753 3407 898 3472 carentis
920 3405 1029 3491 gradu
1060 3404 1233 3470 filiationis
1262 3403 1425 3492 adquam
1449 3401 1578 3470 assumi-

338 3495 404 3571 tur,
429 3493 462 3556 in
484 3491 592 3557 filium
616 3499 650 3558 et
673 3493 825 3560 heredem
870 3494 1022 3578 gratuita
1057 3492 1250 3580 assumptio,
1290 3491 1333 3559 ad
1357 3514 1456 3580 quam
1480 3491 1579 3578 requi·

337 3585 459 3646 runtur
481 3603 500 3644 a
524 3579 608 3647 Jure
630 3581 693 3648 hae
717 3581 944 3648 conditiones:
970 3579 1004 3669 1)
1037 3587 1077 3646 ut
1100 3580 1263 3668 adoptans
1287 3584 1331 3646 sit
1355 3579 1524 3666 suijuris,
1548 3578 1578 3663 2)

337 3672 377 3734 ut
400 3667 447 3733 sit
470 3668 575 3753 major
599 3668 720 3754 viginti
756 3669 902 3757 quinque
930 3669 1042 3749 annis,
1078 3669 1110 3756 3)
1144 3674 1185 3734 ut
1208 3669 1255 3734 sit
1278 3667 1455 3742 masculini
1477 3688 1577 3746 sexus,

338 3776 413 3820 nam
436 3755 581 3824 feminae
604 3758 758 3844 adoptari
781 3764 922 3844 possunt
951 3757 1008 3822 sed
1041 3779 1105 3822 non
1138 3757 1308 3843 adoptare,
1332 3756 1398 3822 nisi
1422 3777 1464 3822 ex
1485 3754 1579 3842 privi-

338 3843 443 3928 legi05
468 3845 504 3932 4)
528 3851 568 3910 ut
591 3845 755 3933 adoptans
785 3846 909 3910 habeat
942 3844 1128 3911 naturalem
1166 3844 1349 3930 generandi
1405 3843 1578 3924 otentiam3

338 3954 402 3997 non
449 3939 558 3998 tamen
586 3933 828 4010 ¹‹urcluduntur
865 3933 899 4012 ii,
934 3933 992 4018 qui
1024 3955 1096 3998 cum
1121 3954 1140 3997 a
1164 3933 1345 3999 nativitate
1381 3867 1579 3999 habuissent

338 4019 441 4100 illam,
480 4041 521 4086 ex
560 4021 725 4088 accidenti
770 4020 965 4100 amiserunt,
1002 4027 1043 4088 ut
1078 4019 1174 4087 scissi
1209 4021 1330 4107 gladio,
1357 4027 1417 4086 aut
1440 4019 1521 4088 facti
1543 4039 1580 4084 ex

275 4127 278 4134 ’
339 4109 451 4180 morbo
475 4109 627 4191 eunuchi,
642 4110 699 4176 sed
724 4108 947 4176 excluduntur
959 4107 1074 4193 frigidi
1088 4131 1127 4174 ex
1145 4115 1286 4193 natura;
1310 4109 1346 4195 5)
1369 4115 1409 4180 ut
1423 4109 1580 4196 adoptans

338 4195 384 4262 sit
408 4196 479 4282 ejus
503 4197 636 4278 aetatis,
660 4219 744 4285 quae
767 4195 919 4284 adoptati
955 4203 1099 4264 aetatem
1135 4196 1274 4264 excedat
1296 4197 1394 4262 annis
1417 4196 1527 4264 decem
1550 4199 1580 4260 et

339 4289 433 4366 out03
458 4285 492 4369 6)
515 4291 554 4352 ut
578 4285 737 4372 adoptans
761 4285 808 4350 sit
830 4306 997 4372 praesens,
1021 4307 1088 4350 non
1112 4285 1198 4352 enim
1223 4285 1296 4350 fieri
1312 4290 1426 4373 potest
1450 4281 1579 4371 adoptio

338 4393 397 4458 per
419 4373 537 4438 literas
560 4381 620 4440 aut
643 4396 701 4460 per
732 4379 989 4460 procuratorem.
1040 4372 1233 4461 Hispositis
1270 4371 1515 4439 conditionibus
1536 4392 1582 4437 co·

338 4460 455 4574 gratio
481 4461 607 4572 legalis,
633 4483 716 4548 quae
740 4483 779 4526 ex
795 4461 993 4565 'adoptione
1029 4462 1154 4572 oritur,
1178 4460 1308 4527 dirimit
1340 4459 1581 4528 matrimonium

339 4569 373 4614 m
397 4545 485 4614 linea
508 4547 861 4616 rectaascendentrnm
884 4555 918 4616 et
942 4549 1223 4630 descendentium,
1236 4567 1341 4634 usque
1364 4547 1407 4616 ad
1431 4555 1581 4638 quartum

339 4687 544 4703 .,.-.........-—..-.

415 4726 434 4796 ¹)
453 4724 590 4782 Blastaris
608 4725 637 4780 in
657 4727 836 4796 Syntagmate
864 4725 915 4779 Lit.
935 4726 965 4780 B.
986 4741 1046 4795 pag.
1068 4724 1109 4780 52.
1137 4726 1209 4795 apud
1227 4727 1357 4795 Bevereg.
