3476 5366
796 371 857 434 163
1190 375 1211 428 ,1

203 588 434 656 doctissimum
479 590 653 692 elegerint,
701 591 743 656 ad
789 592 1030 658 observandum
1075 591 1193 678 jugum
1233 591 1450 657 monasticum

202 699 396 780 omnemque
416 677 622 766 disciplinam
645 678 799 745 idoneum
831 702 891 768 per
926 679 1154 745 dioecesanum
1177 677 1380 766 Episcopum
1401 678 1455 744 be·

200 764 431 846 nedroendum,
456 765 543 854 quod
568 767 668 833 etiam
693 767 733 832 de
762 767 947 833 Abbatissa
970 767 1137 834 sciendum
1163 769 1253 852 osup

200 944 239 1038 ἓ.
269 940 363 1026 169.
391 942 693 1025 Praelatorum
720 944 1009 1048 Regularium
1036 944 1181 1026 officia
1207 942 1450 1045 generalia.

299 1086 449 1154 Praelati
471 1089 707 1157 Monachorum
732 1090 1035 1171 Archimandritee,
1072 1095 1106 1156 et
1129 1088 1317 1175 Hegnmeni
1340 1094 1455 1155 tenen-

201 1179 261 1240 tur
285 1175 319 1263 1)
343 1176 500 1244 continuo
523 1178 564 1244 in¹
581 1178 797 1245 Monasteriis
842 1177 998 1259 residere,
1022 1200 1083 1244 nec
1106 1176 1164 1243 diu
1187 1199 1206 1242 a
1229 1179 1297 1242 suis
1322 1177 1455 1260 abesse;

201 1261 238 1347 2)
262 1264 408 1349 regulari
432 1264 627 1355 disciplinae
650 1267 851 1353 invigilare,
897 1275 1010 1333 errata
1034 1287 1168 1333 suorum
1192 1273 1330 1354 paterne
1354 1266 1455 1330 corri-

200 1370 292 1436 gere,
316 1357 432 1418 sancto
455 1354 604 1443 exemplo
627 1355 818 1443 praelucere
831 1377 838 1439 ;
870 1356 903 1442 3)
927 1355 1017 1420 inter
1054 1376 1132 1420 suos
1157 1352 1269 1419 studia
1295 1353 1457 1418 bonarum

201 1439 335 1520 artium,
362 1439 545 1520 literarum,
592 1443 815 1523 scientiarum,
840 1448 875 1509 et
898 1441 1033 1530 quasvis
1067 1441 1225 1508 honestas
1249 1440 1457 1508 exercitatio·

201 1547 261 1592 nes
284 1549 499 1617 promovere;
522 1531 557 1614 4)
580 1531 667 1598 bona
689 1530 887 1598 Monasterii
902 1553 961 1619 per
976 1553 1013 1597 se
1036 1537 1072 1596 et
1095 1530 1299 1596 constitutos
1323 1544 1458 1594 oeconoss

201 1636 274 1681 mos
296 1616 478 1704 prudenter
499 1618 748 1704 administrare;
773 1619 806 1698 5)
834 1618 910 1705 jura
942 1617 1141 1686 Monasterii
1173 1624 1275 1698 sarta,
1299 1620 1457 1704 tectaque

202 1723 358 1770 servare:
383 1703 418 1792 6)
439 1705 511 1772 suis
534 1706 574 1773 de
598 1709 807 1775 convenienti
837 1707 931 1774 victu
965 1713 1000 1773 et
1022 1709 1151 1773 vestitu
1173 1704 1324 1772 studiose
1347 1705 1457 1792 provi-

202 1789 301 1876 dere,
326 1793 359 1878 7)
383 1815 498 1860 curare
521 1793 646 1875 sedulo,
659 1802 699 1862 ut
711 1795 812 1876 chori,
829 1795 1016 1875 missarum,
1029 1793 1338 1862 anniversariorum
1354 1796 1453 1860 etcet.

203 1877 475 1968 obligationibus
498 1883 561 1948 fiat
583 1889 739 1951 accurate
762 1884 857 1964 satis,
891 1882 1043 1970 stregula
1065 1882 1220 1948 instituti
1241 1881 1282 1947 ab
1307 1880 1458 1947 omnibus

201 1974 378 2070 servatum
402 1967 436 2054 8)
460 1969 634 2038 consilium
658 1971 835 2052 seniorum,
860 1969 1036 2060 aliquando
1055 1969 1162 2038 totius
1185 1967 1460 2057 congregationis

202 2076 387 2144 exqurrere.

378 2216 412 2310 ἓ.
444 2215 536 2296 170.
565 2217 697 2299 Dotes
724 2216 974 2319 Superioris
1011 2216 1279 2299 Monasterii.

298 2362 405 2428 Dotes
429 2361 616 2449 Superioris
639 2362 844 2442 lllonasterii,
890 2362 1030 2430 celebris
1060 2362 1230 2450 cujusdam
1254 2360 1457 2426 Monasterii

203 2448 358 2516 Monachi
380 2450 416 2515 in
439 2449 526 2516 hunc
549 2450 681 2516 modum
705 2451 945 2538 depinxerunt:
985 2452 1191 2539 Optabamus
1215 2452 1395 2515 veritatem
1418 2454 1456 2514 et

203 2536 410 2604 concordiam
435 2559 508 2603 cum
531 2537 804 2605 Archimandrita
843 2545 959 2605 nostro
982 2538 1113 2619 habere,
1138 2545 1172 2604 et
1197 2536 1459 2603 misericordiam

204 2633 238 2692 et
272 2625 547 2705 familiaritatem,
593 2626 753 2713 pietatem
785 2633 819 2692 et
851 2626 1044 2693 modestiam
1075 2629 1113 2712 jn
1148 2625 1207 2692 illo
1240 2626 1383 2708 sentire;
1416 2631 1457 2689 ut

204 2719 294 2780 esset
316 2715 480 2799 benignus
512 2713 664 2794 infirmis,
699 2714 866 2802 propitius
911 2713 1190 2802 delinquentibus,
1226 2713 1372 2779 affabilis
1394 2711 1460 2776 fra·

203 2801 323 2883 tribus,
349 2809 549 2868 moestorum
573 2802 770 2882 consolator,
816 2803 1042 2868 laborantium
1075 2801 1219 2887 adjutor,
1245 2799 1460 2868 benevolorm

189 2889 398 2978 auxiliatur,
422 2890 707 2956 benecertantium
727 2891 894 2973 hortator,
920 2891 1083 2957 lassorum
1098 2889 1315 2969 refocillator,
1341 2887 1457 2955 ceden-

205 2977 290 3044 tium
313 2983 533 3059 sustentator,
569 2979 758 3044 cadentium
790 2985 1010 3063 restaurator;
1036 3000 1148 3044 omnes
1172 2978 1297 3044 fratres
1321 2983 1458 3056 amaret,

204 3065 334 3132 nullum
378 3063 498 3145 odiret,
543 3066 671 3132 nullum
717 3067 779 3132 zeli
812 3073 872 3132 aut
907 3066 1022 3132 livoris
1057 3066 1133 3132 dolo
1178 3071 1458 3154 persequeretur;

206 3153 365 3242 fieretque
388 3177 453 3219 non
477 3154 692 3220 turbulentus
716 3154 823 3234 vultu,
861 3177 929 3219 non
953 3155 1071 3220 auxius
1095 3155 1214 3233 animo,
1239 3176 1305 3219 non
1329 3152 1452 3219 nimius

205 3241 397 3329 injudicio,
422 3265 488 3306 non
511 3243 699 3308 obstinatus
734 3243 768 3307 in
801 3242 957 3323 consilio,
992 3242 1051 3307 sed
1082 3242 1200 3308 hilaris
1224 3241 1320 3322 facie,
1345 3241 1457 3305 laetus

208 3336 325 3410 mente,
373 3329 539 3395 discretus
572 3330 739 3416 inopere,
763 3331 972 3397 consentiens
1006 3333 1042 3395 in
1072 3329 1232 3408 utilitate,
1267 3335 1302 3393 et
1325 3325 1459 3416 quando

207 3417 325 3506 aliquis
349 3441 391 3484 ex
415 3417 580 3483 fratribus
601 3424 864 3506 praeoccupatus
889 3419 992 3484 fuerit
1027 3418 1062 3483 in
1094 3417 1206 3503 aliquo
1231 3415 1364 3496 delicto,
1389 3436 1459 3480 non

207 3507 322 3572 statim
366 3508 544 3593 tyrannica
589 3505 738 3571 vindicta
770 3529 842 3571 eum
877 3505 1092 3587 excruciaret,
1117 3505 1175 3571 sed
1200 3503 1461 3570 misericorditer

208 3593 381 3684 disciplina
404 3595 571 3680 corrigere
594 3593 781 3673 festinaret,
799 3615 1058 3680 conversumque
1070 3594 1251 3660 clementer
1262 3592 1459 3678 susciperet,

209 3703 266 3748 nec
287 3705 393 3770 prava
437 3682 624 3769 suspicione
669 3680 775 3747 denuo
818 3683 927 3770 ipsum
958 3682 1132 3768 fatigaret,
1168 3701 1274 3765 neque
1299 3686 1460 3768 perpetuo

210 3769 278 3836 odio
301 3772 582 3855 exterminatus)

278 3951 313 4046 ξ.
345 3949 440 4028 171.
469 3948 666 4029 Monaohi
697 3949 799 4028 sunt
833 3947 1129 4046 jurisdictioni
1175 3945 1382 4051 Episcopi

699 4073 988 4156 subordinati.

303 4219 487 4287 Concilium
533 4221 776 4286 oecumenicum
807 4218 867 4285 IV.
904 4219 1037 4286 Cauone
1060 4218 1102 4298 4,
1127 4223 1162 4283 et
1196 4214 1462 4300 Carthagineuse

214 4306 344 4374 Conone
367 4307 420 4373 81.
445 4308 585 4374 statuit:
614 4308 786 4388 ,Monachi
820 4308 1048 4393 obtemperent
1080 4327 1139 4371 suo
1164 4307 1358 4372 dioecesano
1382 4301 1461 4387 Epi-

214 4417 317 4483 scopo,
342 4403 443 4483 atque
467 4417 486 4462 a
508 4395 721 4476 Monasterio,
746 4397 780 4459 in
814 4418 878 4484 quo
913 4402 1086 4458 tonsuram
1109 4397 1336 4481 susceperunt,
1361 4389 1459 4455 alior-

216 4505 282 4548 sum
307 4507 369 4548 non
393 4487 619 4569 commigrent,
648 4489 881 4572 praeterquam
905 4486 931 4547 si
956 4481 1141 4569 Episcopus
1183 4480 1325 4568 jusserit
1347 4498 1402 4544 eos
1428 4479 1461 4541 in

240 4601 418 4610 --—-——-

289 4663 306 4729 ')
325 4662 393 4716 Vide
411 4662 576 4716 Joannovits
594 4663 643 4715 Jus
663 4661 735 4714 Eccl.
754 4661 862 4714 orthod.
880 4659 1051 4728 Neoplantac
1072 4674 1096 4726 p.
1122 4655 1180 4708 lea.

287 4735 306 4804 ²)
325 4734 393 4790 Vide
412 4735 531 4788 Schenkl
550 4735 599 4788 Jus
619 4735 691 4787 Eccl.
715 4732 801 4786 Torno
822 4735 841 4784 ῐ,
862 4748 922 4800 pop.
946 4730 1008 4782 eta,
1377 4793 1428 4848 w
