3468 5368
870 279 890 344 2

842 373 977 382 *κη-...ψη

249 497 394 584 gendum
417 496 539 564 malum
562 518 726 584 propensa
749 496 840 564 facta
863 504 932 581 est;
957 495 1034 564 hinc
1056 495 1091 564 in
1115 520 1209 565 omne
1222 521 1327 585 genua
1339 497 1500 564 vitiorum

249 585 425 674 prolapsus
448 584 553 664 homo,
585 583 822 651 destinationis
849 584 914 650 sibi
943 584 977 650 in
1010 585 1177 652 creatione
1212 586 1320 666 datae,
1358 584 1502 672 propriis

249 672 379 740 viribus
401 671 645 760 recuperandae
667 672 819 760 incapax,
843 672 1036 760 redemptus
1059 679 1112 739 est
1124 695 1183 762 per
1194 674 1219 740 J
1221 696 1311 741 esum
1326 671 1500 740 Christum

250 759 356 827 filium
379 759 453 840 Dei,
477 782 536 826 seu
558 759 736 827 secundam
760 759 941 827 Trinitatis
976 783 1150 862 personam
1172 761 1289 843 Deum,
1314 783 1355 828 ex
1393 759 1503 826 Maria

250 848 382 936 virgine
405 847 570 914 hominem
594 847 740 933 factum,
764 848 822 936 qui
845 847 1004 915 vaticina
1029 849 1275 938 Prophetarum
1303 848 1344 915 de
1367 847 1502 927 Massia,

250 937 286 1004 in
309 959 345 1004 se
367 935 532 1024 completa
555 935 717 1016 exhibuit,
743 942 845 1025 atque
868 935 1020 1002 doctrina
1043 959 1104 1004 aua
1128 937 1243 1004 divina
1263 935 1504 1026 quaecultissi·

250 1047 323 1092 mae
343 1023 467 1091 rationi
491 1021 670 1104 satisfacit,
694 1023 730 1091 et
752 1024 851 1090 simul
874 1024 916 1090 ab
939 1025 1169 1092 indoctissimo
1199 1047 1317 1114 quove,
1341 1029 1503 1113 quantum

250 1135 384 1180 necesse
407 1118 460 1177 est
483 1111 702 1193 adsalutem,
727 1110 1034 1199 comprehensibilis
1057 1120 1120 1195 est,
1144 1112 1315 1181 miraculis
1349 1115 1441 1192 item,
1466 1132 1504 1178 ac

249 1198 663 1290 imprimisresurrectione
685 1222 746 1266 sua
769 1222 790 1266 a
812 1199 963 1280 mortuis,
987 1223 1007 1266 a
1030 1208 1204 1282 sesmorte
1225 1225 1286 1268 sua
1308 1201 1343 1266 in
1367 1221 1506 1266 aracru-

252 1289 300 1356 cis
322 1309 488 1377 perpesse,
514 1286 677 1354 hominem
701 1287 880 1390 capacitati
894 1287 1130 1356 destinationis
1143 1311 1231 1372 suae,
1242 1291 1334 1357 vitae
1348 1299 1504 1355 aeternae

253 1373 513 1465 consequendae,
537 1380 573 1442 et
594 1374 669 1442 ideo
689 1398 830 1443 amrssae
854 1376 1029 1443 santitatis
1053 1383 1088 1444 et
1108 1377 1264 1465 justitiae
1300 1375 1504 1462 originariae

251 1462 496 1554 recuperandae
518 1462 717 1531 restitutum
740 1487 821 1544 esse,
835 1463 1008 1530 infallibili
1021 1464 1136 1532 divina
1145 1464 1349 1534 certitudine
1372 1485 1505 1552 persva·

252 1553 309 1636 sit,
333 1575 372 1620 ac
394 1573 430 1618 se
452 1551 552 1633 viam,
576 1552 767 1632 veritatem,
791 1558 826 1620 et
849 1551 955 1620 vitam
978 1575 1059 1634 esse,
1094 1575 1155 1642 pro
1178 1553 1268 1622 omni
1300 1575 1423 1642 genere
1446 1550 1505 1618 h'u·

252 1661 358 1724 mano,
382 1639 620 1728 comprobavit.
1216 1639 1220 1648 '

254 1821 288 1914 ξ.
329 1817 370 1897 4.
406 1816 614 1898 Attamen
654 1817 781 1900 Salus
827 1819 1018 1904 hominis
1059 1843 1139 1921 per
1179 1818 1403 1900 Christum
1442 1840 1505 1898 re·

255 1941 432 2045 dempti,
461 1965 541 2044 per
568 1943 907 2044 applicationem
935 1944 1191 2025 meritorum
1219 1944 1384 2025 Christi
1411 1966 1505 2023 con·

150 2069 156 2084 ‘
255 2067 490 2183 sequenda,
519 2068 739 2170 dependet
765 2092 791 2149 a
827 2069 1151 2151 conditionibus
1177 2094 1257 2173 per
1284 2070 1505 2151 Christum

732 2195 1031 2298 praescriptis.

350 2338 400 2405 Ut
422 2337 518 2404 homo
540 2359 601 2425 per
631 2337 803 2407 Christum
836 2342 1038 2430 redemptus,
1073 2340 1266 2408 meritorum
1295 2339 1424 2408 Christi
1462 2337 1507 2404 ad

255 2425 384 2494 animae
407 2423 550 2492 salutem
575 2428 837 2516 consequendam
861 2431 1027 2517 particeps
1050 2428 1124 2496 fieri
1136 2430 1253 2517 possit,
1267 2427 1422 2496 Christus
1431 2448 1506 2493 con·

255 2514 402 2582 ditiones
424 2514 651 2602 praescripsit,
670 2538 753 2604 quas
776 2517 805 2584 si
829 2518 904 2607 quis
927 2539 993 2586 non
1016 2517 1260 2604 adimpleverit,
1287 2522 1443 2584 aeternae
1456 2536 1505 2580 aa·

255 2603 339 2670 lutis
362 2606 494 2690 compos
518 2624 590 2668 esse
613 2624 678 2669 non
725 2607 835 2672 oterit.
875 2604 1091 2673 Conditioues
1113 2612 1225 2672 autem
1259 2604 1321 2672 hae
1355 2609 1435 2671 sunt
1473 2602 1507 2686 1)

254 2690 366 2771 Fides,
389 2689 461 2756 sine
484 2711 550 2777 qua
572 2712 667 2757 nemo
724 2715 762 2760 eo
784 2699 904 2780 gratus
927 2715 999 2760 esse
1022 2700 1144 2781 potest.
1168 2693 1260 2761 Haeo
1294 2698 1356 2772 est,
1394 2690 1507 2780 iuquit

192 2778 195 2786 ’
254 2778 422 2858 Christus,
448 2778 520 2842 vita
543 2786 700 2846 aeterna:
723 2786 764 2850 ut
786 2789 987 2868 cognoscant
1011 2787 1045 2848 te
1068 2781 1174 2848 solum
1199 2804 1314 2848 verum
1330 2780 1449 2859 Deum,
1472 2785 1507 2844 et

255 2889 352 2956 quem
376 2865 499 2932 misisti
522 2866 639 2933 desum
663 2866 864 2958 Christuml)
902 2870 990 2953 „Qui
1015 2893 1080 2935 non
1109 2869 1289 2937 crediderit
1313 2869 1506 2936 condemna·

255 2955 411 3042 tritura).
436 2953 524 3036 „Qui
547 2978 613 3020 nou
637 2956 745 3022 credit
762 2957 832 3043 jam
852 2957 1024 3042 judicatus
1047 2963 1110 3039 est,
1134 2957 1212 3046 quia
1236 2979 1300 3024 nou
1325 2955 1433 3023 credit
1470 2954 1507 3019 in

256 3043 387 3110 nomine
409 3042 577 3128 unigeniti
599 3042 682 3109 Filii
705 3045 830 3134 Dera).
855 3047 902 3112 Ft
925 3046 1068 3112 iterum:
1094 3046 1182 3129 „Qui
1206 3045 1313 3113 credit
1322 3045 1357 3110 in
1379 3041 1506 3108 Filium

256 3132 358 3198 habet
380 3129 486 3195 vitam
510 3137 697 3216 aeternam;
722 3133 780 3220 qui
803 3139 915 3200 autem
938 3133 1129 3201 incredulus
1153 3140 1205 3200 est
1220 3132 1316 3204 ‚Filio
1339 3129 1508 3198 nonvide·

256 3219 308 3286 bit
329 3219 445 3298 vitam,
470 3217 527 3284 sed
550 3218 601 3284 ira
624 3219 687 3286 Dei
711 3227 823 3288 manet
846 3245 946 3310 super
968 3225 1103 3308 eum“⁴).
1127 3223 1161 3309 2)
1173 3221 1294 3312 Utper
1306 3219 1507 3308 baptismum

255 3309 291 3374 in
315 3309 446 3374 nomine
467 3303 581 3372 Patris
604 3313 639 3373 et
675 3307 764 3390 Filii,
800 3316 834 3377 et
871 3310 1018 3398 Spiritus
1053 3311 1171 3391 sancti,
1208 3331 1320 3377 omnes
1357 3307 1507 3375 homines

256 3416 357 3461 unum
381 3400 510 3461 coetum
535 3416 594 3460 seu
616 3394 806 3464 societatem
830 3399 1038 3465 constituant
1070 3398 1240 3466 Christum
1276 3395 1506 3465 confitentium

257 3490 292 3550 ct
316 3483 389 3570 ejus
414 3483 571 3548 mandata
595 3483 854 3567 observantium,
868 3487 925 3575 qui
934 3495 1048 3554 coetus
1061 3494 1112 3554 est
1124 3486 1277 3554 Ecclesia
1289 3483 1482 3553 Christiana
1498 3503 1505 3565 ;

258 3571 418 3654 „Funtea
432 3570 542 3658 inquit
557 3570 712 3638 Christus
737 3572 851 3641 docete
875 3597 987 3642 omnes
1009 3581 1137 3663 gentes,
1161 3574 1370 3662 baptisantes
1394 3594 1450 3639 eos
1472 3570 1508 3636 in

256 3659 388 3726 nomine
411 3658 524 3724 Patris
547 3667 582 3725 et
603 3658 696 3740 Filii,
721 3668 755 3728 et
778 3663 925 3752 Spiritus
949 3663 1075 3743 Sancti,
1099 3663 1255 3730 docentes
1292 3683 1348 3728 eos
1371 3677 1507 3727 servare

257 3747 366 3814 omnia
389 3767 602 3835 quaecunque
627 3748 781 3817 mandavi
805 3751 951 3840 vobis“⁵)
975 3757 1015 3819 ut
1039 3752 1085 3819 sit
1108 3774 1194 3819 nnus
1217 3756 1334 3838 pastor
1357 3755 1507 3816 etunum

257 3834 355 3917 ovile,
380 3856 439 3908 seu
462 3834 664 3924 Ecclesia“⁶)
689 3837 852 3928 „huicque
875 3840 932 3906 uni
957 3839 1039 3907 ovili
1063 3862 1122 3906 seu
1145 3839 1316 3906 Ecclesiae
1329 3836 1508 3904 constituit

257 3924 430 3990 Pastorem
454 3944 495 3987 ex
516 3924 691 4012 Apostolis
714 3928 784 3994 suis
806 3929 955 4010 Petrum,
979 3929 1133 4016 inquiens
1168 3927 1240 3995 illi:
1276 3948 1395 4016 „pasce
1429 3945 1508 3990 oves

257 4033 357 4092 meas,
381 4032 478 4100 pasce
501 4034 605 4094 agnos
628 4019 766 4103 meos“⁷)
790 4016 853 4098 oui,
878 4016 1062 4106 ceterisque
1086 4011 1507 4105 ApostolisetDisoipulis

332 4189 353 4330 ’ζ
368 4189 485 4245 loannis
505 4187 533 4243 C.
548 4188 628 4244 XVII.
654 4206 680 4244 v.
700 4191 725 4245 3.

332 4263 343 4291 ²
368 4261 454 4316 Marci
472 4261 541 4316 XVl.
565 4278 588 4316 v.
611 4261 653 4316 16.

332 4334 353 4402 ³)
371 4334 449 4388 Joan.
473 4334 517 4388 ΙΙΙ.
541 4349 569 4388 v.
591 4331 632 4387 18.

333 4406 353 4476 ⁴)
371 4406 450 4461 Joan.
467 4406 511 4461 ΙΙΙ.
536 4421 563 4459 v.
587 4405 631 4458 36.

332 4477 352 4546 ⁵)
366 4477 450 4532 Marc.
460 4477 528 4533 XVI.
540 4493 566 4531 v.
587 4477 629 4531 16.

333 4549 354 4619 ⁶)
372 4549 450 4605 Joan.
463 4549 495 4604 X.
505 4566 531 4604 v.
551 4549 592 4604 16.

332 4623 352 4693 7)
368 4621 429 4678 Jan.
446 4621 516 4677 XXI.
536 4638 563 4677 v.
577 4621 618 4677 16.
639 4625 667 4677 et
680 4620 722 4676 17.
