3476 5366
893 403 954 464 lllll

298 642 414 686 nomen
438 626 573 709 accepit.
598 620 853 687 Coenobitarum
878 613 1017 709 magnu's
1040 626 1211 709 promotor
1233 627 1306 688 erat
1329 621 1361 686 S.
1386 620 1545 702 Basilius,

298 707 355 796 qul
378 729 433 776 eos
456 709 499 774 ad
522 709 614 776 vicos
637 714 672 774 et
694 709 793 776 urbes
816 708 967 775 induxit:
990 731 1108 776 nomen
1132 713 1246 775 tamen
1290 707 1444 775 Monaohi
1478 707 1547 775 illia

321 797 466 883 roprium
491 797 622 876 mansit,
646 796 874 881 Coenoblaque
897 797 1031 864 illorum
1054 796 1260 863 Monaateria
1283 795 1373 863 dicta
1396 801 1485 863 sunt.
1503 835 1547 846 -

332 904 373 950 on
395 888 528 952 tantum
553 885 616 950 viri
640 891 761 964 autem,
787 907 901 950 verum
925 893 960 950 et
983 908 1082 951 sexus
1107 884 1278 951 muliebris
1301 884 1363 950 hoc
1386 884 1477 950 vitae
1490 907 1546 970 ge·

298 994 361 1037 nus
383 970 450 1059 jam
472 971 507 1037 in
531 971 666 1039 exordio
689 971 863 1057 religionis
887 972 1091 1038 christianae
1113 973 1227 1059 elegit,
1251 993 1336 1060 quae
1381 971 1546 1038 Moniales

297 1068 445 1140 vocatae,
469 1060 675 1149 temporibus
699 1059 731 1126 S.
757 1059 939 1127 Athanasii
960 1061 1152 1149 frequentes
1175 1061 1278 1127 fuisse
1301 1066 1440 1144 constat,
1464 1082 1547 1147 quas

297 1146 384 1214 idem
406 1153 542 1214 sanctus
566 1147 620 1214 vir
643 1145 833 1214 celebrabat
857 1147 1019 1215 dicendo:
1045 1147 1181 1229 „Vitam
1206 1147 1400 1214 Monialinm
1447 1170 1545 1234 argu-

298 1241 408 1302 mento
432 1256 503 1302 ease
527 1235 614 1323 apud
638 1257 697 1301 nos
721 1234 793 1300 dari
818 1257 929 1301 veram
952 1235 1177 1322 religionem.“
1201 1235 1353 1304 Ecclesia
1375 1257 1455 1302 vero
1478 1236 1548 1302 Μο-

297 1325 457 1389 nesticam
476 1323 582 1389 vitam
607 1323 660 1389 vel
685 1329 810 1389 statum
835 1324 1052 1391 monasticum
1077 1323 1308 1410 perfectiorem
1333 1345 1405 1390 ease
1441 1323 1548 1390 decla·

297 1411 397 1491 ravit,
420 1417 539 1497 utpote
551 1414 606 1499 qui
630 1433 696 1476 non
718 1410 827 1476 solum
873 1413 1046 1499 raeceptie,
1072 1409 1130 1478 sed
1154 1413 1253 1478 etiam
1277 1410 1426 1480 consiliis
1449 1433 1548 1479 evan-

296 1498 413 1584 gelicis
436 1499 611 1585 sequendis
634 1497 824 1587 occupatur.
848 1435 935 1567 dunt
958 1505 1069 1567 autem
1082 1499 1222 1566 consilia
1235 1499 1547 1588 avangelioazpau·

297 1595 410 1675 pertas
433 1587 635 1668 voluntaria,
658 1587 798 1653 castitas
822 1593 990 1676 perpetua,
1015 1594 1049 1654 et
1095 1586 1285 1656 ohedientia
1330 1589 1366 1654 in
1412 1587 1549 1656 Christo

297 1675 454 1763 perfecta.

393 1762 433 1827 Iu
458 1761 624 1829 Orientali
646 1761 799 1846 Ecclesia
821 1761 975 1830 Monachi
998 1767 1079 1830 sunt
1102 1762 1156 1829 vel
1178 1763 1376 1843 Antoniani,
1401 1762 1459 1852 qui
1477 1766 1547 1829 An-

296 1850 392 1930 tonii,
416 1849 470 1917 vel
492 1850 716 1929 Pachomiani,
740 1851 797 1938 qui
819 1851 999 1932 Pachomii,
1023 1851 1188 1939 imprimis
1211 1849 1549 1939 veroBasiliani,qui

297 1937 329 2005 S.
354 1937 475 2005 Basilii
497 1938 648 2025 regulam
678 1943 874 2026 sequuntur.

296 2140 330 2234 ἓ.
363 2136 456 2218 162.
483 2137 739 2220 Institutnm
762 2137 1072 2218 Monaohornm
1095 2161 1173 2240 per
1187 2138 1383 2220 Oenones
1411 2137 1547 2220 ecclc·

682 2263 881 2344 siasticos
896 2264 1158 2366 regulatum.
1317 2260 1320 2272 ’

393 2407 577 2475 Christiani
600 2407 726 2496 pietate
766 2414 800 2474 et
823 2408 942 2476 timore
964 2409 1029 2475 Dei
1051 2408 1214 2491 illustres,
1253 2409 1375 2512 partim
1399 2416 1439 2478 ut
1481 2409 1549 2476 sibi

295 2495 434 2584 pietatis
457 2496 666 2584 receptacula
689 2497 878 2578 conderent,
902 2497 1025 2584 partim
1049 2497 1084 2563 in
1106 2497 1414 2585 redemptronemnt
1438 2498 1548 2565 crede-

297 2586 380 2651 bant
403 2588 586 2650 animarum
610 2607 754 2665 suarum,
778 2591 817 2651 ut
842 2585 1018 2651 continuae
1040 2585 1075 2650 in
1099 2585 1313 2652 Monasteriis
1358 2608 1418 2675 pro
1463 2585 1548 2674 ipsis

297 2695 410 2760 praees
433 2678 468 2739 et
491 2671 658 2740 Sacrificia
682 2673 876 2754 offerantur,
901 2674 1100 2760 temporales
1124 2697 1201 2743 suas
1237 2673 1417 2741 facultates
1434 2675 1475 2740 ad
1493 2696 1548 2740 ex·

297 2761 457 2828 struenda
480 2766 515 2827 et
537 2760 684 2826 dotanda
706 2760 911 2827 Monasteria
932 2768 1191 2847 converterunt;
1215 2784 1299 2850 quae
1311 2762 1463 2830 Ecclesia
1479 2785 1548 2828 una

297 2871 370 2914 cum
393 2850 466 2937 ipso
489 2848 725 2915 Monachorum
748 2849 911 2915 Instituto
934 2850 995 2915 sub
1020 2873 1113 2916 suam
1136 2851 1378 2938 protectionem
1425 2851 1548 2917 consti-

297 2938 373 3018 tuit,
399 2942 499 3024 atque
522 2935 693 3003 Oanonum
717 2936 921 3004 auctoritate
944 2937 1104 3004 firmavit.

425 3138 459 3232 ὅ.
492 3135 585 3217 163.
612 3137 676 3215 De
712 3137 1015 3218 aedificatione
1043 3138 1416 3219 Monastcriorum.

393 3305 502 3372 Juxta
525 3306 690 3374 Canonem
713 3305 744 3370 4.
768 3305 895 3392 Synodi
913 3304 975 3372 VI.
1010 3305 1259 3387 Monasterium,
1285 3305 1340 3373 vel
1363 3305 1548 3371 oratoriam

297 3393 428 3459 domum
452 3393 626 3460 aedificare
649 3401 784 3482 praeter
806 3393 967 3460 Civitatis
989 3393 1147 3483 Episcopi
1181 3394 1383 3461 sententiam
1407 3393 1547 3481 permis·

297 3504 369 3547 sum
393 3504 458 3548 non
482 3489 543 3548 est.
567 3482 675 3548 Juxta
699 3481 863 3548 Cononem
887 3478 1087 3567 24.Synodi'
1102 3483 1162 3550 [V.
1186 3489 1221 3550 et
1243 3482 1296 3548 49.
1321 3479 1544 3568 SynodiVI.:

297 3570 391 3652 Quae
414 3570 513 3636 semel
536 3569 739 3636 Monasteria
774 3569 874 3657 juxta
904 3569 1063 3657 Episcopi
1109 3571 1318 3638 voluntatem
1354 3577 1548 3637 consecrata

297 3664 386 3739 sunt,
410 3664 578 3744 tamquam
602 3657 766 3744 quoddam
810 3657 1063 3736 fundamentum
1086 3659 1255 3745 infragile,
1294 3665 1454 3746 perpetuo
1478 3680 1548 3724 ma·

296 3770 374 3814 nere
399 3746 605 3813 Monasteria
650 3752 816 3812 statutum
855 3753 933 3831 est,
968 3754 1003 3814 et
1032 3770 1095 3826 res,
1126 3770 1210 3834 quae
1234 3747 1337 3814 adea
1361 3747 1546 3834 pertinent,

297 3857 363 3901 non
386 3834 577 3901 alienandae
600 3834 737 3913 servari,
762 3855 864 3921 caque
886 3858 952 3899 non
977 3835 1119 3923 amplius
1147 3836 1220 3903 fieri
1244 3833 1427 3903 saecularia
1451 3834 1546 3900 habi·

296 3923 418 3990 tacula.
442 3921 511 3988 Eos
533 3927 654 4003 autem,
679 3923 736 4008 qui
759 3921 821 3987 hoc
852 3945 916 3988 non
952 3924 1132 3990 observant
1169 3925 1324 3992 canonice
1346 3923 1469 4012 puniri,
1494 3945 1548 3988 aa·

298 4017 408 4078 oratos
429 4010 562 4098 quidem
586 4009 785 4098 depositioni
808 4011 1031 4098 subjiciendos
1078 4034 1158 4093 esse,
1196 4014 1299 4080 laicos
1333 4031 1411 4079 vero
1434 4032 1546 4098 aegre-

297 4099 436 4187 gationi,
460 4098 548 4166 idest
578 4097 922 4165 excommunicationi.

297 4304 331 4398 5.
364 4299 456 4380 164.
483 4299 716 4401 Ingressus
742 4299 789 4378 ln
815 4299 1126 4380 Monesterium
1151 4324 1232 4403 per
1260 4301 1454 4381 Canones
1481 4323 1548 4382 re·

771 4425 951 4506 strictus
986 4427 1061 4507 est.

394 4571 533 4642 Consilii
557 4571 762 4658 Gangrensis
786 4572 897 4640 Canon
921 4571 1019 4638 XIII.
1045 4572 1257 4638 anathemate
1280 4571 1361 4637 ferit
1384 4570 1472 4650 illos,
1486 4573 1546 4660 qai

298 4663 419 4729 liberos
441 4683 518 4728 suos
540 4661 614 4746 piae
638 4660 887 4727 exercitationis
911 4667 1089 4747 praetextu
1114 4659 1199 4726 nulli
1222 4664 1351 4739 curant,
1376 4665 1414 4725 et
1433 4658 1467 4724 iu
1492 4660 1546 4740 iis,

299 4773 382 4838 qnae
425 4749 468 4818 ad
512 4748 715 4835 religionem,
760 4748 968 4837 reliquasque
1014 4750 1158 4815 virtutes
1192 4750 1371 4836 pertinent,
1409 4746 1548 4814 minime
