3476 5366
855 249 918 316 152

250 474 452 560 potestatem
496 470 624 556 ligendi
664 476 698 537 et
731 470 892 554 solvendi,
930 471 1019 538 idest
1053 469 1244 537 remittendi
1277 476 1311 537 et
1334 469 1501 538 retinendi

250 564 394 648 peccata,
419 557 571 624 sedeam
594 581 653 647 per
676 559 865 625 distinctam
887 560 927 625 ab
952 559 1066 626 ordine
1078 581 1231 626 manuum
1254 557 1501 646 impositionem

253 649 371 714 debere
394 667 451 733 per
473 645 654 734 Episcopus
678 645 830 713 conferri.
879 647 972 730 Quae
1005 653 1117 712 tamen
1141 647 1310 712 sententia
1333 653 1502 734 repugnat

252 737 315 824 ipsi
360 734 544 822 precationi
567 757 626 823 per
647 735 849 822 Episcopum
877 735 1145 801 inordinatione
1189 733 1384 822 Presbyteri
1408 733 1502 800 adhi-

252 825 322 891 beri
346 821 455 900 solita,
480 843 563 907 quae
595 828 647 889 est
683 823 789 888 forma
834 823 1043 904 sacramenti,
1090 823 1220 908 gratiae
1250 821 1502 904 sacramentalis

254 911 396 980 collatae
419 909 557 976 effectus
581 910 668 976 clare
691 910 851 983 indicans,
882 911 918 976 in
941 917 1102 994 quantum
1147 910 1253 977 relate
1276 911 1318 976 ad
1343 910 1427 977 hanc
1450 909 1502 976 fa·

254 999 414 1067 cultatem
458 998 583 1064 indicta
627 998 818 1086 precatione
841 1001 868 1084 ᾖ.
902 999 1004 1086 priori
1040 999 1144 1065 citata
1180 997 1261 1064 haee
1294 1003 1500 1066 occurrunt:

258 1085 430 1174 ,Adimple
453 1085 548 1166 hunc,
573 1108 669 1172 quem
707 1087 899 1173 Presbyteri
933 1087 1073 1172 gradum
1105 1085 1215 1152 subire
1239 1085 1389 1165 voluisti,
1415 1085 1500 1152 donc

253 1175 357 1242 sancti
380 1175 430 1239 tui
454 1171 611 1260 Spiritus,
634 1179 674 1239 ut
698 1174 819 1259 dignus
859 1175 920 1240 fiat
943 1175 1100 1263 populum
1133 1179 1228 1240 tuum
1252 1197 1313 1262 per·
1334 1174 1501 1240 lavacrum

253 1260 515 1350 regenerationis
539 1262 702 1328 secundae
737 1262 822 1350 (sive
856 1265 1103 1349 poenitentiam,
1151 1283 1235 1348 quae
1259 1269 1311 1330 est
1333 1262 1502 1328 lavacrum

253 1351 490 1438 lacrymarum)
513 1349 714 1415 remissionis
748 1359 957 1438 peccatorum
989 1351 1177 1416 innovare.l
1226 1349 1266 1416 In
1291 1371 1356 1434 qua
1379 1349 1503 1438 opinio·

254 1461 332 1504 num
355 1437 502 1506 Graecae
521 1437 691 1504 Ecclesiae
714 1437 895 1503 Doctorum
931 1438 1130 1505 diversitate
1153 1437 1308 1504 soliditas
1331 1438 1501 1504 doctrinae

228 1600 230 1609 ,
254 1525 437 1594 catholicae
461 1526 702 1612 comprobatur,
727 1525 823 1612 juxta
864 1548 961 1612 quam
1007 1526 1202 1602 Sacerdotes
1226 1528 1259 1590 in
1279 1528 1350 1613 ipsa
1374 1525 1504 1591 ordina·

253 1614 345 1681 tione
367 1613 531 1700 recipiunt
554 1618 756 1714 potestatem
801 1613 996 1680 absolvendi
1019 1636 1060 1680 ex
1083 1635 1120 1680 ec
1144 1612 1232 1697 quod
1254 1613 1405 1680 remissio
1429 1635 1501 1701 pec-

254 1707 403 1770 catorum
428 1706 586 1788 supponit
609 1701 804 1788 qualitatem
829 1711 863 1767 et
885 1701 1395 1789 potestatemsupernaturalem,
1415 1723 1501 1788 quae

228 1790 372 1858 'iisdem
397 1781 658 1858 communicatur
681 1793 712 1855 in
737 1795 944 1856 sacramento
979 1789 1122 1856 Ordinis.
1146 1790 1215 1854 Ast
1237 1789 1392 1877 quoniam
1416 1789 1502 1872 ejus·

255 1877 342 1944 modi
365 1882 515 1966 potestas
560 1877 704 1944 exerceri
735 1876 833 1942 debet
872 1901 930 1965 per
964 1877 1094 1943 modum
1136 1877 1265 1965 judicii,
1289 1883 1324 1944 et
1343 1876 1504 1964 judicium

255 1966 412 2069 supponit
434 1963 707 2052 jurisdictionem,
754 1987 813 2030 seu
857 1965 1065 2034 subditorum
1111 1964 1381 2052 assignationem,
1426 1964 1506 2034 hine

254 2053 347 2120 illius
369 2052 548 2142 potestatis
572 2055 763 2120 exercitium
788 2051 951 2139 dependet
973 2055 1013 2118 ab
1037 2053 1211 2140 Episcopo,
1237 2053 1293 2136 qui
1317 2053 1406 2119 solus
1429 2054 1507 2119 sub-

255 2141 343 2208 ditos
366 2142 532 2227 assignat3
557 2141 607 2205 ita
629 2149 669 2207 ut
691 2139 858 2206 absolutio
882 2141 1069 2229 a'peceatis
1085 2140 1303 2220 invalidasit,
1328 2141 1357 2206 si
1380 2141 1506 2228 absque

252 2229 484 2318 jurisdictione
508 2227 687 2309 tribuatur,
711 2234 849 2315 excepto
874 2231 988 2294 mortis
1027 2229 1177 2308 articulo,
1202 2249 1266 2315 quc
1291 2225 1439 2296 Ecclesia
1464 2250 1506 2296 ex

255 2319 329 2404 lege
352 2317 501 2384 omnibus
524 2316 751 2384 sacerdotibus
783 2315 1051 2401 jurisdictionem
1085 2320 1287 2404 impertitur.

536 2519 570 2610 §-
603 2516 697 2598 146.
726 2517 858 2620 Origo
893 2516 1218 2597 Parochiaruru.

354 2683 436 2751 Cum
459 2704 616 2750 numerus
639 2682 786 2750 fidelium
810 2707 829 2750 a
852 2687 958 2773 prima
981 2683 1227 2772 praedicatione
1250 2684 1282 2752 S.
1309 2683 1413 2764 Patri,
1427 2683 1507 2752 dum

254 2771 500 2858 Hierosolymis
536 2770 604 2838 tria
636 2771 741 2839 millia
786 2772 956 2838 hominum
1001 2779 1117 2838 sancto
1162 2773 1373 2860 Baptismate
1395 2770 1506 2838 abluti

256 2859 383 2934 Christi
405 2861 500 2945 gregi
523 2857 649 2926 adlecti
672 2865 761 2940 sunt,
785 2860 819 2926 in
844 2859 914 2926 dies
938 2859 1080 2947 amplius
1120 2861 1424 2949 multiplicaretur;
1448 2861 1506 2947 qui

256 2953 509 3034 perseverantes
533 2951 629 3012 erant
652 2945 687 3014 in
711 2947 861 3014 doctrina
883 2948 1122 3036 Apostolorum
1154 2953 1189 3014 et
1212 2947 1507 3017 communicatione

256 3036 554 3115 sacramentorum,
578 3035 704 3100 tamin
729 3035 802 3123 ipsa
833 3035 973 3103 civitate
1003 3035 1323 3125 Hierosolymorum,
1368 3041 1507 3123 propter

257 3123 507 3190 multitudinem
554 3126 766 3205 credentium,
813 3124 930 3190 fideles
953 3125 988 3190 in
1012 3125 1124 3212 plures
1170 3132 1284 3192 coetus
1319 3122 1504 3203 distributi,

256 3233 355 3300 quam
378 3217 413 3278 et
435 3213 470 3276 in
493 3211 637 3298 singulis
660 3211 743 3278 vicis
766 3212 801 3278 in
825 3212 1025 3300 adjutorium
1048 3213 1288 3300 Episcoporum
1310 3211 1507 3298 Presbyteri

256 3299 418 3388 praefecti
441 3304 530 3381 sunt,
554 3300 612 3388 qui
634 3300 840 3388 temporibus
872 3301 1113 3388 persecutionis
1147 3301 1291 3367 nominis
1319 3299 1447 3367 Christi
1469 3299 1506 3365 in

256 3387 400 3477 privatis
424 3387 571 3454 fidelium
617 3388 763 3468 aedibus,
788 3388 841 3454 vel
865 3390 900 3454 in
933 3389 1098 3477 speluncis
1144 3390 1369 3456 subterraneis
1392 3393 1507 3454 noetus

257 3496 335 3544 euos
380 3474 552 3557 docebant,
589 3482 623 3541 et
646 3483 852 3543 sacramenta
897 3477 1191 3543 administrabant.
1239 3476 1304 3560 Qui
1352 3475 1503 3542 distincti

258 3568 372 3632 coetus
394 3563 585 3645 Parochiae,
609 3564 806 3648 Presbyteri
830 3587 908 3631 vero
931 3564 1001 3631 illis
1023 3565 1205 3653 praepositi
1227 3564 1370 3631 Parocbi
1391 3562 1505 3650 appel·

257 3651 423 3720 labantur.
448 3651 608 3732 Cessante
631 3657 742 3720 autem
765 3655 992 3739 persecutione
1033 3654 1094 3719 sub
1117 3653 1323 3742 Imperatore
1346 3651 1506 3718 Constan-

258 3739 329 3807 tino
351 3739 474 3841 Magno
498 3739 683 3808 Gentilium
708 3740 833 3842 templa
876 3741 1066 3842 christianis
1111 3742 1254 3843 addicta,
1279 3747 1313 3808 et
1335 3738 1507 3844 Ecclesiae

257 3827 471 4005 attat
489 3827 1507 4005 ttttttntittltlttttttttttitttttgtt

259 4005 437 4092 coeperint,
461 4026 546 4094 quae
565 4003 639 4070 dein
674 4003 710 4070 in
744 4003 949 4091 parochiales
995 4005 1150 4072 eeclesias
1174 4026 1333 4072 conversa
1354 4003 1503 4070 fuerunt.

259 4093 294 4180 2)
341 4092 582 4160 Constantinus
639 4092 782 4180 Magnus
838 4092 962 4180 partim
1010 4095 1090 4180 ipse,
1148 4094 1272 4184 partim
1325 4091 1384 4158 elii
1434 4092 1508 4179 ipso

259 4185 395 4247 auctore
439 4180 561 4270 templa
605 4184 640 4246 in
685 4181 821 4248 urbibus
867 4185 1113 4248 exstruxerunt.
1160 4183 1194 4262 3)
1223 4181 1273 4248 Ob
1304 4186 1507 4248 crescentem

259 4266 407 4423 {llelff
452 4291 624 4337 numerum
647 4274 682 4336 et
705 4269 849 4336 locorum
897 4267 1093 4336 distantiam
1131 4269 1313 4338 Parochiae
1334 4268 1369 4336 in
1392 4268 1508 4358 plnres

283 4359 328 4422 rvi
354 4379 370 4424 e
395 4363 503 4423 antur.
