3476 5366
846 316 912 386 200

772 411 976 423 u-——n-——n

250 541 345 628 cujus
368 561 428 607 nec
450 537 602 619 titulum,
618 540 932 628 necpossessionem
955 538 1047 606 ullus
1069 537 1190 624 habet3
1214 537 1301 626 quod
1314 539 1355 606 fit
1377 536 1430 605 vel
1443 557 1502 627 per

251 633 389 696 mortem
410 626 610 707 beneficiati,
633 626 689 694 vel
713 627 818 694 libera
840 626 1092 695 renunciatione
1115 624 1333 715 ejusdemper
1346 624 1499 715 Superis

249 738 319 786 rem
343 715 604 784 ecclesiasticum
627 720 801 802 acceptata
824 715 988 804 exjustis
1012 717 1129 795 causis,
1154 713 1269 800 quales
1302 721 1403 800 sunt3

347 803 488 884 Debilia,
511 803 658 890 ignarus,
683 802 769 870 male
792 807 952 884 conscius,
976 800 1298 890 irregularisQuam
1312 803 1398 869 mala
1406 800 1501 890 plebs

251 893 332 978 odit,
356 891 438 958 dans
462 890 619 959 scandala
641 890 758 959 cedere
780 891 909 980 possit;
934 913 997 996 quo
1020 891 1056 957 in
1081 913 1160 958 casu
1182 889 1359 977 resignans
1381 889 1418 957 in
1440 889 1502 956 Or·

252 980 384 1048 dinibus
408 978 590 1064 majoribus
614 978 821 1048 constitutus
843 1001 1012 1069 proprium
1037 977 1174 1046 vivendi
1197 977 1331 1045 modum
1364 977 1501 1046 edocere

251 1068 361 1137 debet.
385 1105 428 1116 —
451 1065 533 1134 Insu
558 1089 594 1134 er
616 1066 812 1134 beneficium
834 1075 935 1135 vacat
980 1089 1016 1134 er
1038 1066 1272 1155 privationem,
1296 1088 1355 1133 seu
1371 1071 1502 1134 santan-

251 1158 334 1225 tiam
355 1155 477 1242 judicis
499 1178 517 1222 a
565 1155 754 1222 missionem
778 1155 931 1223 beneficii
954 1091 1079 1239 ibtam3
1103 1153 1157 1221 vel
1182 1154 1322 1242 denique
1345 1176 1405 1244 per
1427 1173 1503 1221 con·

252 1247 454 1313 secutionem
477 1243 628 1311 beneficii
652 1243 790 1310 secundi
813 1243 941 1331 pariter
956 1243 1075 1323 curati,
1100 1241 1194 1331 prius
1217 1263 1341 1310 vacans
1375 1241 1502 1310 evadit.

219 1536 220 1542 Ν
251 1427 286 1520 ἓ.
315 1421 382 1506 28.
411 1419 607 1524 Regulae
635 1420 849 1524 speciales
875 1419 1124 1504 collationis
1168 1418 1500 1503 Beneficiorum.

348 1568 381 1649 1)
404 1564 608 1635 Beneficium
631 1565 672 1632 de
691 1565 768 1654 jure
791 1588 914 1634 vacans
937 1565 1081 1634 conferri
1105 1563 1237 1655 quidem
1269 1569 1392 1653 potest,
1416 1565 1503 1634 nihi·

251 1655 395 1726 lominus
418 1662 540 1735 tamen,
564 1652 768 1721 solummodo
791 1655 896 1744 priori
919 1675 1118 1743 possessore,
1142 1653 1196 1721 cni
1219 1653 1289 1720 fors
1312 1653 1420 1721 adhuc
1443 1653 1503 1720 ali·

252 1743 334 1834 quid
355 1744 442 1832 juris
465 1741 501 1809 in
525 1763 561 1809 eo
585 1745 771 1830 competere
794 1743 912 1831 possit,
937 1742 1030 1831 prius
1054 1741 1179 1822 audito,
1204 1762 1368 1827 causaque
1411 1764 1500 1809 sum-

252 1835 355 1900 mario
379 1833 522 1919 cognita,
545 1829 580 1896 in
603 1830 844 1918 possessionem
873 1829 1023 1898 beneficii
1068 1829 1253 1896 intromitti
1296 1833 1419 1918 potest.
1465 1829 1502 1919 2)

252 1919 455 1988 Beneficium
479 1917 519 1986 de
542 1917 632 1984 facto
655 1917 764 1985 solum
789 1939 911 1986 vacans
935 1918 1077 1985 conferri
1101 1917 1227 2005 nequit,
1252 1917 1318 1984 imo
1355 1917 1427 1985 tale
1448 1915 1505 1985 ba·

253 2008 408 2076 neficium
431 2009 608 2094 acceptans
631 2007 965 2074 excommunicationi
988 2007 1150 2074 obnoxius
1174 2004 1297 2086 evadit,
1329 2010 1363 2072 et
1396 2008 1425 2072 si
1448 2005 1504 2072 de·

252 2097 367 2182 inceps
389 2095 524 2185 penitus
548 2099 693 2175 vacaret,
717 2093 760 2161 ad
782 2094 869 2164 illud
892 2096 963 2161 sine
986 2093 1232 2183 dispensatione
1268 2092 1404 2161 admitti
1448 2114 1504 2160 ne-

254 2185 337 2274 quit.
362 2183 396 2270 3)
421 2181 620 2250 Beneficium
645 2188 756 2250 autem
779 2181 915 2271 dejure
938 2182 1037 2249 simul
1076 2189 1110 2249 et
1134 2181 1224 2249 facto
1257 2202 1382 2251 vacans
1411 2180 1503 2249 intra

253 2276 412 2340 semestra
435 2292 501 2338 non
525 2269 620 2337 modo
644 2269 788 2337 conferri
810 2275 934 2359 potest,
958 2270 1016 2338 sed
1039 2275 1074 2339 ct
1096 2270 1205 2337 debet.

482 2452 517 2545 ὅ.
560 2446 627 2530 29.
654 2450 718 2529 Dc
745 2447 956 2531 Examina
983 2448 1272 2532 concursuali.

349 2595 517 2663 Beneficia
540 2594 739 2662 conferenda
763 2598 843 2661 sunt
866 2594 972 2682 magis
994 2594 1123 2662 idoneis
1136 2599 1170 2661 et
1183 2593 1401 2682 dignioribus,
1412 2591 1502 2683 quod

187 2689 196 2699 '
254 2683 448 2774 exploratur
469 2704 529 2772 par
552 2704 687 2749 examen
712 2688 758 2750 sic
781 2681 906 2750 dictum
931 2683 1153 2750 concursuale.
1169 2683 1241 2764 ,Ab
1263 2683 1430 2771 imperitis
1452 2681 1505 2748 ait

255 2772 288 2840 S.
312 2771 496 2859 Gregorius
520 2771 693 2858 Magnus)
718 2793 784 2859 qua
806 2770 998 2837 temeritate
1021 2772 1169 2858 regimen
1192 2771 1377 2840 animarum
1400 2769 1505 2836 susci·

253 2861 356 2949 pitur,
380 2859 511 2948 quando
535 2881 590 2926 ars
618 2860 742 2925 artium
766 2864 818 2924 est
840 2859 987 2946 regimen
1011 2860 1228 2926 animarum.“
1261 2858 1368 2926 Labie
1391 2857 1505 2925 Sacer·

254 2947 343 3014 dotis
367 2947 557 3014 custodient
579 2947 751 3013 scientiam
775 2949 810 3012 et
834 2951 937 3032 legem
960 2949 1132 3031 requirent
1157 2948 1197 3014 de
1221 2969 1278 3015 ore
1323 2946 1406 3034 ejus,
1453 2945 1506 3012 ait

254 3035 463 3124 Prophetas)
486 3034 580 3104 Nihil
604 3035 737 3122 turpius
760 3034 894 3101 indocto
918 3033 1092 3121 Magistro.
1129 3033 1206 3103 Non
1230 3033 1357 3102 sufficit
1391 3038 1505 3100 autem

254 3129 294 3189 ut
317 3125 390 3212 quis
413 3122 597 3190 absolverit
620 3122 733 3188 studia
755 3121 944 3208 theologica
956 3145 1030 3189 oum
1042 3123 1170 3190 calculo
1183 3121 1374 3203 sufficienti,
1387 3143 1505 3189 varum

254 3232 387 3278 necesse
410 3216 472 3291 est,
495 3214 535 3278 ut
557 3210 752 3280 continuato
776 3210 889 3277 studio
912 3211 1035 3300 partim
1057 3216 1215 3300 percepta
1245 3213 1402 3278 memoria
1425 3210 1507 3276 reti·

254 3304 407 3380 reantur,
431 3299 555 3386 partim
577 3304 690 3366 autem
713 3302 753 3365 ut
776 3299 933 3365 continuo
958 3299 1070 3365 studio
1094 3321 1165 3366 eam
1188 3298 1329 3389 quisque
1343 3297 1505 3366 eruditio-

255 3409 330 3454 nem
353 3409 478 3454 sacram
503 3392 734 3475 consequatur,
759 3385 854 3474 cujus
877 3387 1055 3454 seeundum
1080 3387 1261 3454 facultates
1293 3409 1353 3477 pro
1377 3385 1446 3452 rias
1469 3391 1507 3452 at

256 3475 524 3543 circumstantias
548 3497 650 3564 capax
673 3480 746 3558 est;
772 3474 896 3562 hocque
941 3497 1022 3541 suae
1066 3476 1245 3542 continuae
1288 3409 1506 3564 perfidctionis

256 3562 404 3630 studium
427 3561 662 3630 Sacerdotibus
686 3568 816 3629 tantum
841 3568 894 3628 est
917 3563 1071 3644 officium,
1095 3569 1135 3629 ut
1159 3565 1215 3653 qui
1237 3562 1324 3629 illud
1359 3561 1508 3649 negligit

256 3651 360 3716 saluti
383 3673 462 3718 suae
485 3651 650 3718 confidere
673 3656 825 3735 nequeat,
850 3673 923 3717 oum
947 3673 1007 3739 pro
1031 3651 1185 3737 neglecta
1207 3651 1270 3718 hac
1298 3649 1506 3736 obligatione

255 3738 429 3805 restitutio
453 3738 510 3804 vix
532 3738 703 3826 possibilis
727 3740 795 3823 sit;
820 3741 1019 3826 praeterivit
1041 3739 1113 3805 sinc
1137 3738 1228 3806 lucro
1252 3738 1412 3806 scientiae
1458 3736 1503 3803 ir-

254 3826 441 3914 reparabile
466 3833 607 3914 tempus,
632 3826 788 3914 sepelivit
811 3826 941 3893 talenta
965 3849 1034 3906 sua,
1059 3827 1133 3894 ideo
1156 3827 1373 3893 intersarvos
1388 3823 1507 3892 infide·

189 3921 192 3928 ⁴
257 3913 305 3980 les
327 3913 540 4002 reputabitur
563 3915 598 3980 in
622 3913 675 3980 die
695 3913 836 4002 judicii3
862 3938 922 3982 nec
945 3916 1064 3981 mirum
1088 3916 1326 3982 contremuisse
1361 3934 1463 3980 unum
1489 3936 1508 3980 e

256 4004 381 4068 sanctis
403 4001 562 4068 Patribus
585 4001 742 4068 dicando:
768 4003 949 4083 „Dominal
974 4024 1038 4068 non
1062 4008 1132 4069 tam
1154 4002 1255 4070 timeo
1266 4008 1403 4091 propter
1420 4022 1508 4068 com·

256 4090 365 4170 missa,
389 4112 486 4190 quam
510 4095 647 4178 propter
669 4089 821 4156 omissa.“
854 4091 889 4156 Si
914 4114 955 4156 ex
977 4091 1168 4176 ignorantia
1193 4091 1313 4158 medici
1352 4109 1508 4177 corpora·

257 4176 298 4242 lis
322 4182 485 4244 morratur
507 4199 615 4264 aeger,
640 4199 759 4264 magna
783 4185 872 4246 certe
895 4178 947 4243 illi
959 4181 1208 4266 estimputatio,
1226 4201 1264 4246 eo
1276 4177 1383 4266 major
1393 4182 1507 4244 autam

256 4265 436 4352 imputatio
459 4266 525 4333 erit
548 4265 674 4332 medico
698 4267 890 4346 animarum,
915 4266 944 4332 si
969 4287 1009 4332 ex
1032 4267 1105 4353 ejus
1127 4265 1319 4354 ignorantia
1335 4263 1507 4352 artispro

257 4352 349 4440 prisc
371 4353 531 4435 medendi,
556 4353 684 4420 animae
707 4354 879 4441 perierint,
904 4359 964 4421 aut
987 4376 1054 4422 non
1076 4354 1367 4422 reconvalnerint:
1391 4351 1508 4441 impri-

335 4596 352 4665 ¹)
372 4596 440 4651 Pars
460 4594 507 4651 1-a
525 4595 678 4651 Pastoralis
698 4592 764 4663 Cap.
785 4593 808 4650 1.

331 4667 352 4738 ²)
371 4667 508 4722 Malachia
529 4666 556 4722 C.
577 4668 602 4723 2.
622 4685 648 4723 v.
667 4667 693 4722 7.
