3426 5368
666 303 670 310 ⁴
768 355 832 422 sev

696 449 900 459 —--—---.-..-

146 571 252 636 etum
278 569 417 638 unicum
446 569 654 640 Salvatorem
677 571 784 639 Deum
809 573 1108 662 nondnmhabent3
1133 579 1244 666 sieque
1260 577 1420 645 adveniet

146 676 314 743 regnum
335 657 407 740 Dei,
432 665 467 726 et
488 659 668 748 impleatur
691 657 809 727 divina
831 661 1018 729 Salvatoris
1040 663 1148 730 nostri
1171 665 1355 754 promissio,
1380 670 1419 733 ut

148 743 202 812 sit
227 766 331 848 unus
351 752 476 834 pastor,
500 753 534 815 et
557 769 661 816 uuum
706 747 804 816 ovile.
851 749 932 818 Ideo
976 757 1138 840 perpetuo
1176 776 1334 821 memores
1380 758 1421 823 si·

149 852 235 899 mm
262 854 365 921 ejus·
482 921 555 990 Vae
577 923 636 1006 illi,
657 945 720 1077 per
742 945 839 1014 quem
862 925 976 995 venire
998 927 1110 1016 potuit

480 1011 634 1099 Regnum
691 1013 731 1095 ei,
755 1020 789 1080 et
812 1035 877 1080 non
902 1017 1003 1082 venit.

262 1116 318 1185 Ut
338 1125 448 1186 autem
471 1121 579 1208 magis
601 1122 867 1211 persuadeamini
889 1131 1016 1212 quante
1052 1124 1280 1194 sollicitudine
1302 1133 1420 1195 sancta

153 1203 275 1271 Sedes
298 1207 491 1296 Apostolica
513 1209 664 1278 Romana
687 1210 780 1278 nullo
802 1235 869 1279 non
892 1222 1041 1301 tempore
1069 1214 1188 1282 Ritum
1210 1223 1421 1283 nostramet
1508 1289 1514 1295 ,
1577 1243 1580 1248 ·

156 1291 382 1382 disciplinam
404 1300 591 1365 eanonicam
616 1299 811 1366 orientalem
835 1299 1033 1382 detenderit,
1058 1308 1092 1369 et
1116 1324 1313 1372 conservare
1350 1309 1420 1370 stu·

157 1379 293 1463 duerit,
317 1384 476 1462 subnecto
500 1385 553 1453 hic
575 1409 636 1475 pro
660 1387 815 1455 coronide
838 1386 922 1456 duas
943 1389 1139 1479 praecipuas
1163 1398 1300 1460 sanctae
1323 1390 1418 1460 Sedis

160 1469 388 1558 Apostolicae
411 1472 695 1542 constitutiones:

778 1631 806 1698 Ι.

654 1763 730 1836 Leo
754 1763 859 1854 Papa
881 1763 930 1836 X.

512 1941 565 2004 Ad
581 1936 778 2025 perpetuom
801 1944 851 2007 rei
875 1942 1078 2006 memoriam.

267 2069 464 2159 Accepimus
487 2093 602 2176 nuper,
626 2073 715 2162 quod
739 2074 817 2141 licet
841 2071 965 2141 dudum
988 2072 1024 2140 in
1047 2070 1198 2140 Concilio
1220 2071 1418 2140 Florentino

165 2155 231 2224 sub
255 2155 360 2226 felicis
383 2161 622 2228 recordetronis
659 2161 811 2250 Eugenio
842 2162 908 2229 PP.
933 2160 994 2229 IV.
1018 2160 1270 2250 praedecessore
1292 2167 1417 2242 nostro,

164 2241 203 2310 in
227 2267 292 2330 quo
315 2250 402 2316 inter
425 2254 573 2317 caeteros
616 2250 800 2339 Principes,
825 2255 860 2317 et
882 2249 1068 2330 Praelatos,
1114 2248 1300 2337 Imperator
1338 2255 1419 2317 tunc

166 2332 381 2418 Graecorum,
406 2342 441 2404 et
463 2338 699 2427 quamplurimi
722 2338 782 2404 alii
825 2336 975 2406 Praelati
1011 2336 1156 2405 nationis
1187 2337 1336 2406 Graecae
1357 2359 1418 2425 pro

167 2423 290 2490 unione
312 2423 462 2493 facienda
487 2426 528 2493 de
551 2427 705 2495 orientali
736 2427 941 2496 Graecorum
974 2448 1048 2493 cum
1082 2424 1233 2492 Romane
1255 2424 1416 2507 Ecclesia,

166 2531 204 2577 re
239 2513 369 2579 tamdiu
403 2535 422 2580 a
452 2514 769 2583 Praedecessoribus
814 2514 940 2582 nostris
963 2514 1005 2582 R.
1029 2512 1258 2594 Pontificibus,
1282 2535 1321 2581 ac
1344 2519 1418 2581 tota

166 2597 360 2667 Christiana
381 2602 568 2691 Republica
592 2602 781 2672 desiderata
803 2603 1052 2688 interfuerant,
1083 2603 1174 2672 inter
1195 2601 1263 2668 alia
1286 2606 1418 2672 statuta

167 2685 425 2758 determinatum
461 2697 522 2772 est,
564 2692 734 2760 nationem
778 2691 992 2780 praedictam,
1025 2691 1061 2757 in
1084 2689 1281 2780 quibusdam
1305 2713 1417 2758 eorum
1493 2735 1497 2743 -

165 2775 288 2844 ritibus
308 2782 344 2845 et
367 2779 600 2861 observantiis,
614 2802 698 2869 quae
710 2803 777 2846 non
799 2779 1416 2868 imputabanturhaeresi,permenere,

166 2871 201 2931 et
220 2867 312 2932 inter
334 2872 465 2936 caetera
487 2868 638 2937 scilicet:
684 2868 772 2954 quod
807 2864 1005 2956 Presbyteri
1031 2871 1066 2935 in
1089 2869 1290 2935 fermentato
1336 2867 1417 2936 cele·

166 2952 263 3021 brare
286 2975 325 3022 ac
347 2957 408 3024 sub
432 2956 498 3024 alia
531 2956 647 3036 forma,
693 2980 790 3040 quam
824 2957 977 3024 Romana
1007 2957 1189 3046 baptizare,
1236 2955 1415 3042 videlicet;

165 3041 359 3130 baptizatur
380 3067 497 3112 servus
520 3045 584 3111 Dei
607 3044 643 3110 in
666 3048 795 3111 nomine
825 3043 940 3111 Petris
971 3051 1005 3112 et
1036 3046 1127 3126 Filii,
1152 3053 1187 3114 et
1210 3045 1359 3135 Spiritus
1382 3045 1414 3112 S.

166 3131 283 3198 Amen.
307 3130 394 3199 Item
417 3132 505 3222 quod
528 3131 675 3200 ordinati
699 3132 734 3198 in
758 3132 862 3200 sacris
908 3132 1130 3213 matrimonio,
1164 3143 1244 3200 ente
1267 3133 1416 3220 ipsorum

165 3240 332 3286 sacrorum
356 3219 508 3290 ordinum
531 3221 754 3310 sumptionem
777 3225 959 3301 contracto,
983 3224 1042 3302 uti,
1067 3227 1102 3288 et
1124 3220 1262 3287 barbam
1285 3223 1416 3287 nutrire

166 3308 454 3397 venerandumque
477 3317 721 3377 sacramentum
743 3309 804 3377 sub
828 3317 966 3397 utraque
997 3310 1105 3397 specie
1128 3308 1289 3387 omnibns,
1315 3309 1414 3374 etiam

165 3398 286 3482 pueris,
310 3397 501 3465 ministrare
524 3397 664 3487 possint,
688 3420 746 3487 per
770 3397 896 3464 dictum
942 3395 1116 3464 concilium
1139 3401 1306 3462 statutum
1329 3395 1416 3464 ordi·

164 3490 279 3551 natum
291 3484 470 3568 decretum,
494 3487 566 3554 sive
589 3487 784 3574 permissum
803 3486 925 3571 fuerit;
949 3492 1062 3553 tamen
1076 3482 1244 3551 Ordinarii
1268 3483 1417 3552 locorum

164 3570 278 3640 Latini
322 3573 429 3662 ipsam
464 3575 633 3643 nationem
656 3597 756 3664 super
790 3573 889 3641 (lictis
920 3573 1043 3641 ritibus
1064 3577 1100 3640 et
1122 3571 1356 3654 observantiis,
1380 3571 1415 3639 in

165 3659 254 3740 locis,
279 3661 337 3730 ubi
359 3663 400 3731 de
422 3667 590 3751 praesenti
613 3662 734 3732 Graeci
758 3666 941 3743 morentur,
966 3660 1113 3747 quotidie
1134 3660 1322 3742 molestent,
1343 3681 1416 3748 per-

164 3749 311 3831 turbent,
336 3756 371 3820 et
393 3751 591 3840 inquietent,
616 3757 773 3838 cogentes
796 3771 916 3838 pueros
950 3749 1108 3838 ipsorum,
1133 3755 1168 3817 et
1190 3746 1276 3815 alios
1299 3770 1413 3817 eorum

165 3857 252 3905 more
274 3840 474 3929 baptizatos,
508 3840 631 3908 iterum
654 3861 745 3906 more
782 3838 952 3906 Romanae
986 3837 1156 3906 Ecclesiae
1192 3836 1413 3926 rebaptizari;

166 3924 352 4017 dictumque
395 3929 644 3997 Sacramentum
690 3927 752 3996 snb
794 3931 937 4014 utraque
974 3927 1083 4015 specie
1118 3925 1279 4007 omnibus,
1314 3927 1415 3992 etiem

165 4014 273 4103 pueris
317 4016 510 4105 praedictis,
546 4016 679 4085 minime
724 4013 953 4082 administrari
976 4014 1105 4096 debere,
1141 4035 1247 4098 neque
1270 4011 1411 4081 barbam

166 4104 300 4186 nutrire,
323 4127 429 4195 neque
451 4106 486 4172 in
509 4105 719 4186 fermentato,
752 4104 811 4172 sed
846 4102 882 4170 in
914 4125 1032 4191 azymo
1057 4103 1224 4172 celebrare
1247 4121 1286 4168 ac
1308 4102 1340 4166 in
1366 4100 1414 4168 di·

167 4191 225 4260 ctis
248 4193 352 4262 sacris
376 4193 547 4262 ordinibus
561 4194 733 4262 ordinatos
750 4190 960 4259 matrimonio
976 4213 1185 4280 nequequam
1197 4191 1249 4257 uti
1271 4189 1411 4258 debere:

166 4287 296 4370 propter
318 4304 412 4371 quae,
435 4288 471 4350 et
493 4282 654 4350 nonnulla
676 4280 744 4349 alie
766 4279 918 4368 quotidie
951 4279 986 4344 in
1020 4278 1142 4369 populo
1166 4277 1299 4346 diversa
1323 4299 1415 4345 scan-

167 4368 236 4435 dala
259 4371 465 4452 exoriuntur,
490 4393 528 4440 aa
561 4373 594 4438 in
624 4369 706 4452 dies,
731 4368 796 4437 nisi
819 4368 860 4436 de
884 4372 1070 4456 opportuno
1104 4389 1163 4456 per
1185 4389 1246 4434 nos
1269 4364 1415 4434 remedio

167 4456 400 4546 provideretur,
446 4459 569 4527 exoriri
612 4462 831 4546 contingeret.
864 4454 1122 4524 considerantes
1167 4461 1281 4524 autem
1312 4475 1414 4608 puam

168 4566 278 4634 operae
321 4546 475 4636 pretinm,
505 4547 598 4636 pium
636 4569 675 4614 ao
712 4545 935 4616 necessarium
974 4544 1030 4625 sit,
1066 4549 1105 4612 ut
1127 4543 1207 4610 noio
1231 4563 1310 4632 prae
1334 4544 1413 4622 icta,

168 4633 265 4703 multo
288 4634 402 4706 labore
425 4637 586 4720 quaesita,
625 4672 668 4686 -
704 4672 743 4686 -·
766 4655 825 4724 per
847 4633 1016 4700 Romanos
1037 4631 1246 4712 Pontifices,
1271 4669 1314 4680 -
1337 4652 1413 4698 con·

168 4727 313 4792 servetur
343 4729 379 4794 et
420 4722 582 4792 dictorum
629 4723 831 4794 Graecorum
878 4721 1040 4789 molestiis
1086 4725 1120 4788 et
1165 4717 1410 4809 impedimentis
