3426 5368
885 384 951 450 324

836 479 848 484 -
859 479 1016 486 ---..-.—-.-.—

286 620 361 666 nem
384 599 558 668 decernere
580 601 688 678 debet,
712 605 746 666 et
769 600 899 688 quidem
923 602 1071 689 proxime
1082 600 1337 687 Inquisitionem
1354 605 1536 691 praeviam,

286 685 372 766 alias
394 688 639 756 intormativam
663 687 797 770 dictam,
822 689 865 754 ad
887 689 1071 758 eruendum
1102 699 1137 756 et
1159 690 1201 756 ad
1224 691 1420 778 possibilem
1442 693 1537 759 cleri·

285 779 390 844 tatem
413 776 681 844 constituendum
705 776 911 864 quaestionis
946 782 1082 856 statum,
1118 779 1291 866 omniaque
1314 786 1483 847 momenta
1505 786 1541 847 et

285 871 491 952 argumenta,
516 886 600 954 quae
623 885 695 930 srve
717 863 884 952 pro,'sive
907 871 1023 932 contra
1046 865 1211 933 actionem
1234 867 1349 933 afferri
1387 875 1539 956 possunt,

285 953 373 1022 unde
395 975 514 1022 causae
558 951 713 1020 meritum
759 952 948 1020 luculenter
992 957 1163 1042 appareat,
1200 958 1236 1022 et
1257 955 1356 1044 plene
1385 959 1540 1043 cognosci

202 1105 206 1112 .
308 1043 402 1110 oeeit.
447 1041 488 1108 In
515 1041 623 1108 causis
665 1039 894 1108 vineatoribus
939 1041 1112 1130 inquisitio
1144 1041 1224 1108 haec
1259 1041 1334 1109 fieri
1360 1042 1459 1111 debet
1481 1066 1541 1132 per

284 1063 553 1198 &mmmm
576 1151 594 1195 e
616 1127 742 1216 gremio
766 1128 961 1198 Tribunalis
1007 1130 1262 1197 matrimonialis
1302 1131 1541 1198 nominandum

306 1225 460 1288 raesente
481 1239 541 1306 pro
566 1216 626 1284 hoc
649 1237 779 1305 quoque
812 1223 891 1284 actu
927 1217 1111 1304 adjurando
1145 1217 1271 1285 vinculi
1294 1217 1481 1287 Defensore
1506 1227 1541 1287 et

283 1241 441 1376 &referto
464 1328 523 1373 seu
546 1305 741 1372 Secretario.
778 1303 905 1388 Quodsi
953 1311 1066 1372 antem
1091 1305 1289 1373 domicilium
1314 1306 1538 1396 conjuguma

283 1393 361 1462 sede
383 1392 579 1462 Tribunalie
623 1393 878 1460 matrimonialis
907 1392 1042 1480 longius
1077 1391 1192 1476 distet,
1224 1393 1541 1462 commissarium

283 1482 436 1570 pertibus
459 1481 679 1549 nominandus
713 1486 774 1561 est,
814 1503 887 1548 cum
915 1481 1150 1548 substituendo
1189 1481 1394 1550 matrimonii
1415 1483 1538 1551 Defen-

284 1592 357 1638 sore
380 1576 415 1640 et
438 1569 603 1650 Graiario,
639 1570 697 1657 qui
726 1569 977 1636 instructionem
1012 1570 1054 1636 ab
1087 1572 1158 1658 ipso
1205 1570 1378 1637 Tribunali
1424 1573 1540 1638 matri-

282 1657 429 1740 moniali,
453 1665 487 1726 et
510 1657 713 1724 matrimonii
741 1679 842 1743 penes
885 1657 1048 1725 Tribuner
1083 1657 1246 1746 fungente
1269 1658 1454 1726 Defensore
1476 1682 1538 1749 pro

282 1747 468 1817 substituto
492 1751 527 1814 et
549 1745 737 1834 adjurando
761 1745 932 1812 defensore
955 1745 1184 1814 elucubratam
1200 1746 1323 1813 habere
1346 1747 1447 1815 debet
1468 1770 1537 1814 uon

282 1835 379 1904 modo
400 1835 508 1903 relate
531 1833 575 1901 ad
596 1832 879 1919 interrogationes
903 1834 1100 1924 conjugibus
1124 1835 1332 1923 testibusque
1353 1857 1538 1924 proponen-

282 1922 351 2004 dae,
375 1923 559 1991 sedetiam
583 1921 623 1988 de
647 1923 799 1988 omnibus
844 1923 1035 1988 instruatur
1079 1921 1351 2004 circumstantiis,
1397 1945 1537 2013 quarum

281 2011 430 2099 cognitio
452 2009 494 2077 ed
518 2010 821 2096 investigationem,
837 2017 939 2098 prout
951 2009 1093 2100 expedit,
1111 2009 1318 2098 dirigendam
1341 2010 1535 2100 requiritur.

281 2103 323 2187 (ᾗ.
348 2099 422 2166 140.
447 2103 482 2166 et
505 2097 579 2164 146.
603 2098 722 2185 Instr.)
745 2097 999 2166 Commissariue
1022 2109 1133 2166 autem
1157 2099 1461 2188 adinquirendum
1485 2099 1537 2167 de

280 2193 430 2276 putatus,
476 2195 654 2275 antequam
692 2186 734 2253 ad
771 2186 983 2272 probationes
1006 2187 1040 2253 in
1071 2186 1179 2254 forma
1199 2187 1287 2276 juris
1310 2187 1536 2256 instituendas

280 2276 448 2365 procedat,
472 2275 579 2342 adniti
603 2274 711 2354 debet,
747 2281 787 2340 ut
819 2275 962 2341 omnium
1008 2275 1346 2355 circumstantiarum,
1385 2298 1471 2361 quae
1494 2277 1536 2344 ad

280 2364 483 2432 matrimonii
507 2363 655 2430 valorem
672 2360 726 2429 vel
751 2361 942 2430 umilitatem
965 2370 1061 2431 extra
1077 2362 1213 2430 dubium
1249 2365 1412 2435 onendam
1425 2363 1536 2432 facere

279 2451 411 2540 possint
441 2457 630 2520 accuratam
653 2450 806 2539 acquirat
843 2450 1006 2518 notitiam.
1038 2451 1194 2519 Huncin
1217 2387 1316 2520 tinem
1339 2473 1399 2541 pro
1424 2451 1534 2519 condi-

280 2539 371 2608 tione
394 2563 490 2608 oaeus
514 2544 549 2607 et
579 2560 792 2627 personarum
838 2543 1040 2607 necessarias
1085 2541 1377 2626 percunctationes
1408 2539 1533 2626 faciat3

279 2634 355 2782 post
378 2627 440 2696 hoc
463 2636 575 2695 autem
620 2634 734 2716 partes
767 2627 838 2694 sive
872 2628 1031 2715 conjuges
1075 2628 1297 2720 personaliter
1335 2633 1535 2718 ¹praesentes

302 2717 439 2784 enevole
462 2716 630 2784 examinet
667 2714 919 2804 quaestionibus
949 2716 992 2783 ad
1027 2739 1082 2784 eas
1106 2715 1300 2802 dirigendis,
1325 2717 1447 2806 quibus
1470 2739 1534 2784 me·

278 2805 382 2870 ritum
405 2828 524 2872 causae
569 2803 803 2887 exhauriatur;
851 2802 925 2870 dein
964 2827 1042 2872 vero
1075 2807 1104 2873 si
1139 2804 1195 2894 qui
1217 2812 1351 2893 praeter
1374 2805 1533 2892 conjuges

279 2892 527 2961 matrimonium
571 2897 771 2958 accusarunt
809 2899 843 2958 et
877 2892 1128 2973 denunciarunt,
1175 2892 1218 2959 ad
1258 2893 1533 2962 clarificationem

277 2985 422 3050 omnium
446 2979 772 3049 circumstantiarum
803 2985 838 3046 et
871 2980 1095 3068 designandos
1141 2987 1246 3049 testes
1269 2983 1532 3070 interrogentur,

278 3069 419 3159 denique
441 3074 546 3136 testes
570 3090 699 3156 quoque
722 3067 794 3134 eine
829 3067 1015 3154 juramento
1061 3073 1293 3138 examinentur
1328 3092 1451 3155 omnes,
1477 3071 1533 3156 qui

278 3159 349 3226 sive
371 3180 431 3247 pro
455 3158 673 3238 matrimonio,
709 3155 781 3223 sive
804 3165 921 3224 contre
947 3157 1034 3225 illud
1066 3158 1307 3248 producuntur,
1332 3157 1420 3226 serie
1444 3169 1534 3227 acto·

277 3268 360 3330 rum,
383 3247 703 3331 interrogationibus
727 3249 761 3310 et
784 3246 952 3333 responsis
989 3246 1173 3336 protocollo
1205 3246 1254 3314 sio
1277 3248 1365 3315 dicto
1389 3246 1534 3337 Inquisi-

276 3337 378 3402 tionis
400 3335 556 3422 praeviae
577 3334 724 3420 genuine
747 3333 936 3400 inferendis.
961 3335 1018 3402 Ad
1042 3336 1148 3422 magis
1161 3333 1340 3402 eruendam
1352 3337 1534 3404 veritatem

276 3423 384 3514 quoad
407 3422 685 3502 circumstantias,
710 3421 888 3509 inquibus
921 3423 1208 3490 enunciationibus
1244 3421 1530 3505 denunciantium,

276 3518 336 3580 aut
358 3513 497 3578 testium
531 3531 596 3576 non
632 3509 844 3591 conveniunt,
890 3512 1125 3579 confrontandi
1158 3515 1238 3578 sunt
1265 3516 1334 3577 tam
1369 3511 1528 3601 conjuges

275 3599 367 3668 inter
389 3621 434 3680 se,
458 3621 554 3687 quam
580 3596 614 3663 hi
638 3620 712 3664 cum
735 3597 890 3679 testibus,
914 3599 980 3666 imo
999 3599 1167 3668 interdum
1191 3605 1226 3667 et
1248 3605 1354 3666 testes
1377 3599 1471 3670 inter
1493 3621 1528 3668 ee

276 3687 499 3757 conformibus
523 3685 841 3771 interrogationibus
873 3686 916 3754 ad
948 3711 1004 3754 eos
1038 3687 1232 3776 dirigendis,
1257 3709 1341 3772 quae
1365 3711 1433 3756 une
1457 3711 1531 3758 cum

275 3775 443 3866 responsis
466 3773 594 3862 pariter
615 3774 798 3861 protocollo
834 3777 1026 3844 inferendae
1060 3783 1150 3844 sunt.
1173 3775 1403 3844 Protooollum
1451 3777 1530 3845 arti-

274 3866 346 3946 bus,
392 3861 670 3929 dennnciantibus
705 3867 740 3928 et
770 3866 914 3932 testibus
959 3865 1155 3953 perlegitur,
1202 3863 1381 3952 cujuslibet
1426 3801 1531 3934 iussio

275 3952 415 4019 nominis
439 3949 564 4037 proprii
587 3950 841 4038 subscriptione,
866 3961 926 4020 aut
948 3954 978 4020 ei
1001 3955 1145 4021 scribere
1160 3953 1323 4034 nesciant,
1351 3953 1531 4040 signatura

274 4040 382 4109 crucis
404 4043 425 4122 †
448 4037 605 4118 munitur,
630 4038 878 4126 emendatisque
914 4041 1127 4110 emendandis
1149 4039 1372 4130 protocollum
1395 4042 1528 4110 conclu-

275 4129 376 4208 ditur,
392 4149 516 4216 perque
529 4125 798 4195 Commissarium
815 4136 850 4195 et
861 4129 1053 4198 Graiarium
1070 4130 1261 4217 adjuratum
1278 4129 1526 4218 subscriptione

273 4219 460 4297 roboratur,
484 4218 525 4300 (ξ.
551 4214 639 4302 141.)
663 4221 765 4304 atque
798 4216 975 4285 Tribuuali
1009 4218 1247 4285 matrimoniali
1285 4218 1526 4300 substernitur,

273 4305 361 4394 quod
383 4311 444 4372 aut
467 4303 616 4371 defectus
645 4303 753 4370 adhuc
787 4306 945 4395 suppleri,
983 4313 1043 4374 aut
1082 4329 1272 4395 processum
1296 4307 1526 4395 probatorium

273 4393 503 4462 instruendum
527 4392 702 4459 decernere
726 4393 834 4461 debet.
859 4397 901 4480 (ἓ.
927 4394 1018 4484 142.)

370 4486 466 4550 Nota.
490 4479 743 4548 commissarius
776 4489 911 4571 praeter
943 4484 1198 4551 instructionem
1233 4481 1453 4551 aTribuuali
1475 4504 1525 4549 ao·

273 4575 401 4658 ceptam
424 4573 538 4658 potest
560 4572 623 4636 imo
657 4567 757 4637 debet
796 4571 880 4638 alias
913 4593 1044 4662 quoque
1089 4571 1381 4660 interrogationes,
1405 4571 1525 4657 quibus

271 4679 430 4762 responsa
453 4657 525 4724 sive
548 4657 726 4745 conjugum
749 4658 821 4726 sive
843 4663 983 4729 testium
1029 4682 1144 4728 ansam
1182 4659 1455 4748 suppeditabunt,
1479 4658 1523 4726 ad

273 4767 429 4834 majorem
453 4746 501 4812 rei
524 4745 713 4814 claritatem
737 4747 840 4816 libere
863 4759 1055 4839 proponere,
1102 4748 1191 4817 sicut
1234 4751 1333 4816 etiam
1358 4747 1401 4816 ad
1424 4748 1523 4817 fidem
