3420 5358
681 349 886 457 ...PL

268 567 311 636 Iu
334 573 494 656 quantum
540 575 652 638 autern
675 571 710 638 in
733 571 889 638 Pidalion
912 569 955 636 ud
978 570 1077 638 finem
1123 568 1272 656 ejusdem
1300 567 1414 637 Notae

158 656 302 725 dicitur:
333 656 460 736 ,Unica
482 658 622 745 proinde
642 659 735 746 justa
759 657 898 725 divortii
922 679 1021 724 cause
1054 661 1117 738 est,
1141 679 1199 723 sen
1231 655 1412 724 solutionis

161 744 318 826 ,vinculi
366 743 443 812 dum
478 765 544 812 uua
573 768 652 834 pars
686 747 776 813 vitae
811 746 952 814 alterius
984 745 1192 826 insidiatur,‘
1233 745 1413 812 confirmat

158 833 289 921 quidem
315 832 468 900 Pidalion
490 832 590 919 juxte
613 835 709 922 prlus
731 833 823 901 diota
846 833 1095 902 matrimonium
1118 855 1158 899 ex
1186 833 1297 920 capite
1320 831 1414 899 adul·

158 921 234 988 terii
259 920 348 986 solvi
370 943 435 986 non
459 943 575 1009 posse;
600 921 805 990 adstruendo
830 931 941 989 tamen
962 922 1094 990 unicam
1118 920 1258 986 divortii
1280 943 1416 987 causam

155 1009 284 1096 justam
320 1030 392 1074 esse
424 1009 674 1077 insidiationem
708 1009 810 1092 vitae,
846 1011 1015 1099 prioribus
1046 1009 1256 1089 contradicit,
1294 1009 1417 1098 quibus

158 1096 374 1185 provocando
397 1095 440 1162 ad
463 1098 730 1185 apostolicamet
752 1099 786 1165 8.
810 1097 951 1182 Patrnm
965 1098 1151 1165 doctrinam
1166 1098 1417 1164 matrimonium

159 1207 218 1251 nec
241 1191 381 1273 propter
404 1185 636 1267 idololatriam,
661 1186 748 1274 quod
772 1188 918 1252 omnium
950 1186 1126 1253 criminum
1151 1187 1330 1252 maximnm
1353 1192 1417 1267 est,

159 1273 246 1338 solvi
271 1272 393 1340 debere
415 1272 594 1355 adstruxit,
619 1281 654 1340 et
678 1275 796 1341 merito
819 1269 962 1360 puidam,
981 1297 1124 1364 namque
1146 1273 1332 1341 Concilium
1343 1273 1416 1360 jam

159 1360 428 1448 Carthaginense
462 1361 595 1429 (lenone
631 1362 758 1454 CXIII.
790 1363 880 1447 (107.
905 1357 1082 1444 ¹Pidaliou)
1106 1361 1321 1430 enunciavit:
1350 1361 1417 1444 ,Ut

160 1447 344 1518 secundum
369 1447 596 1535 evangelicam
619 1456 654 1516 et
676 1451 896 1540 apostolicam
919 1450 1107 1520 doctrinam
1130 1471 1236 1539 neque
1259 1449 1417 1516 dimissus

161 1538 202 1604 ab
225 1558 342 1620 uxore,
366 1559 471 1622 neque
494 1537 631 1606 dimissa
655 1562 675 1605 a
698 1541 818 1606 marito
853 1541 953 1606 alteri
992 1539 1263 1626 conjungantur,
1287 1538 1347 1606 sed
1369 1538 1420 1604 its

161 1631 331 1705 maneant,
366 1637 426 1692 aut
447 1625 590 1697 invicem
623 1627 909 1696 reconcilientur.‘
960 1628 1068 1714 (nulla
1102 1627 1296 1716 exceptione
1327 1626 1420 1693 facta

161 1712 234 1781 sive
258 1713 300 1780 ob
325 1711 538 1795 adulterium,
562 1717 632 1780 sive
664 1716 705 1781 ob
740 1714 977 1797 idololatriam,
1010 1722 1107 1784 tanto
1140 1716 1251 1782 minus
1274 1737 1354 1782 vero
1377 1714 1419 1781 ob

162 1799 417 1870 insidiationem
439 1802 558 1894 vitae).
583 1802 635 1870 Ex
659 1804 779 1888 quibus
803 1804 1048 1872 deviationibus
1071 1809 1167 1892 patet
1187 1801 1343 1870 soliditas
1365 1802 1421 1870 do·
1496 1877 1499 1884 ,

163 1890 293 1957 ctrinae
319 1889 519 1956 catholicae:
543 1892 791 1960 matrimonium
813 1901 926 1961 ratum
950 1899 985 1960 et
1008 1898 1271 1960 consummatum
1285 1890 1421 1958 nonnisi

164 1983 271 2044 morte
294 1977 396 2044 unius
419 1978 579 2066 conjugis,
619 1980 711 2046 nulla
746 1985 858 2048 autem
893 2003 935 2048 ex
957 1983 1181 2071 subsequente
1205 2000 1306 2046 causa
1328 1979 1418 2046 solvi

164 2088 270 2153 posse.
296 2063 420 2132 Merito
442 2067 580 2154 proinde
602 2068 723 2134 Patres
757 2070 865 2136 nostri
899 2069 934 2134 in
970 2070 1118 2138 Concilio
1141 2065 1293 2155 generali
1317 2066 1419 2134 VIII.

164 2151 543 2241 Constantinopolitano
557 2155 613 2222 IV.
628 2156 873 2224 exclamarunt:
899 2156 1072 2244 Optamus,
1090 2171 1130 2224 ut
1142 2157 1177 2223 in
1200 2156 1263 2222 illa
1276 2154 1418 2236 Unione,

165 2264 262 2326 quam
288 2241 321 2308 S.
346 2240 449 2310 Sedes
471 2243 669 2332 Apostolica
692 2245 872 2332 praedicat,
887 2266 959 2313 esse
983 2266 1174 2325 mereamur,
1197 2244 1233 2310 in
1259 2265 1324 2331 qua
1346 2243 1419 2311 sola

165 2335 217 2396 est
240 2328 418 2416 religionis
440 2330 651 2398 Christianae
686 2330 851 2400 soliditas.

261 2415 374 2499 Quum
397 2418 503 2503 igitur
524 2441 661 2486 concors
707 2420 887 2486 Orientalie
909 2444 975 2488 non
998 2421 1109 2487 miuus
1132 2443 1171 2488 ac
1194 2418 1421 2488 Occidentalis

167 2503 339 2572 Ecclesiae
362 2505 516 2574 doctrina
529 2509 638 2596 quoad
652 2508 841 2576 absolutam
856 2508 1190 2576 indissolubilitatem
1214 2507 1419 2576 matrimonii

167 2597 231 2660 rati
254 2601 290 2658 et
314 2597 535 2660 consummati
557 2597 659 2663 etiam
682 2596 716 2662 in
740 2619 820 2664 casu
854 2597 1024 2678 adulterii,
1057 2619 1117 2664 neo
1141 2597 1203 2663 hac
1226 2597 1422 2684 exceptione

167 2684 198 2748 in
234 2681 306 2747 ullo
342 2681 476 2749 Oenone
530 2683 701 2752 Ecclesiae
746 2683 930 2752 Orientalis
976 2690 1181 2765 occurrente,
1227 2708 1287 2774 per
1330 2685 1423 2772 ipsos

167 2769 399 2836 schismaticos
442 2793 589 2857 graecos,
625 2775 682 2858 qui
713 2795 748 2839 se
782 2773 984 2840 orthodoxos
1018 2779 1147 2854 tenent,
1177 2775 1330 2840 contessa
1364 2777 1422 2852 srt,

167 2858 383 2924 manifestum
407 2867 467 2937 est,
492 2860 579 2947 quod
613 2863 779 2928 contraria
814 2861 986 2928 doctrinae
1016 2864 1121 2950 ipsius
1156 2861 1339 2928 Orientalis
1360 2859 1424 2926 Ec·

166 2947 287 3012 clesiae
312 2943 464 3012 solvendi
483 2949 688 3016 matrimonii
710 2948 833 3037 praxis,
858 2949 1047 3036 etquidem
1071 2973 1137 3016 non
1161 2951 1258 3016 modo
1282 2971 1300 3014 e
1324 2969 1424 3016 causa

167 3033 339 3114 adulterii,
364 3034 422 3100 sed
444 3037 544 3102 etiam
567 3037 719 3124 pluribus
743 3037 819 3102 aliis
843 3035 883 3104 de
906 3037 1026 3117 causis,
1062 3060 1146 3126 quas
1167 3037 1308 3106 Pravila
1331 3035 1423 3103 exhi·

167 3123 224 3188 bet
238 3125 274 3206 1),
299 3143 385 3206 quae
408 3124 495 3211 apud
519 3124 664 3194 Graecos
695 3125 851 3206 invaluit,
876 3126 1039 3210 originem
1078 3147 1172 3192 snam
1198 3126 1319 3193 debeat
1341 3124 1425 3210 legi·

168 3211 229 3276 bus
252 3232 337 3297 pure
360 3211 595 3298 imperialibus,
621 3220 692 3278 tum
715 3217 819 3279 sacris
851 3212 961 3279 literis
993 3219 1065 3280 turn
1090 3213 1296 3301 apostolicae
1319 3212 1425 3279 tradi·

167 3299 254 3364 tioni
280 3297 344 3364 hac
368 3297 402 3363 in
425 3321 461 3365 re
484 3300 741 3368 adversantibus
775 3303 817 3367 ab
851 3301 986 3386 ignavis
1020 3300 1195 3369 Ecclesiae
1241 3301 1422 3391 photianae

168 3384 381 3474 praesulibus
405 3391 456 3454 uti
480 3387 571 3475 leges
594 3393 768 3456 canonicas
780 3389 959 3476 adoptatis.
988 3389 1097 3472 Quem
1120 3389 1155 3455 in
1178 3411 1248 3456 rem
1271 3391 1424 3478 apposite

167 3473 437 3562 inquitPsrrone
459 3476 513 3562 (de
537 3478 679 3544 matrim.
705 3477 795 3544 Tem.
818 3477 883 3544 III.
901 3501 933 3564 p.
947 3477 1021 3544 398.
1046 3484 1081 3543 et
1104 3479 1204 3561 seq.):
1234 3476 1425 3560 ,Quamdiu

167 3561 202 3627 in
238 3561 392 3628 Ecclesia
436 3586 556 3650 graeca
601 3570 748 3632 severior
782 3564 959 3650 disciplina
984 3566 1105 3652 viguit,
1130 3567 1188 3630 vix
1211 3565 1284 3632 ulla
1307 3565 1425 3632 harum

168 3649 281 3737 legum
306 3651 395 3715 ratio
418 3651 533 3718 habita
557 3660 629 3737 est;
654 3654 733 3742 quin
757 3653 823 3719 imo
846 3653 968 3720 Patres
993 3653 1125 3740 legibus
1149 3653 1309 3722 civilibus
1333 3656 1428 3741 leges

170 3737 300 3804 Christi
324 3743 565 3826 opposuerunt
606 3741 845 3808 Verumtamen
893 3740 985 3810 illius
1030 3745 1142 3827 gentis
1176 3741 1318 3823 indoles,
1343 3763 1429 3830 quse

169 3848 360 3915 supremam
384 3829 585 3915 imperialem
609 3828 811 3916 dignitatem
836 3830 931 3898 velut
954 3851 1049 3896 sacro
1071 3830 1214 3917 quodam
1237 3829 1333 3897 cultu
1356 3851 1430 3917 pro·

248 4073 265 4142 ¹)
286 4073 363 4142 Quas
382 4072 469 4128 adfert
488 4074 571 4128 etiam
591 4074 732 4130 Blastares
752 4091 786 4129 ex
804 4074 873 4129 Nov.
893 4073 991 4128 Justin.
1004 4072 1064 4126 117.
1083 4073 1137 4126 Pro
1157 4071 1274 4127 marito:
1296 4071 1429 4126 Maritum

171 4146 319 4216 repudium
339 4145 418 4200 uxori
437 4145 547 4200 mittere
565 4161 664 4214 posse:
690 4147 717 4215 1)
743 4147 772 4200 81
802 4145 1001 4214 conjurationis
1027 4148 1124 4199 contra
1152 4143 1299 4212 imperinm
1319 4144 1432 4200 conscia

171 4219 233 4274 uiro
252 4234 303 4274 suo
323 4233 381 4272 nou
400 4218 510 4272 revelet.
531 4218 559 4285 2)
578 4218 607 4272 81
626 4218 702 4272 vitae
730 4219 822 4272 mariti
846 4217 979 4272 insidiata
1005 4217 1050 4270 sit.
1090 4217 1120 4282 3)
1148 4215 1179 4270 81
1203 4233 1265 4268 cum
1290 4217 1432 4272 extraneis

171 4306 243 4344 uxor
261 4288 426 4346 convivetur
445 4294 494 4344 ant
512 4290 626 4343 lavetur.
647 4289 676 4359 4)
696 4291 725 4344 81
745 4292 857 4345 nolente
876 4290 976 4343 marito
1002 4293 1084 4342 extra
1102 4288 1215 4342 domum
1236 4289 1379 4344 manserit.
1401 4289 1429 4356 5)

172 4363 202 4417 Si
224 4362 337 4416 nolente
357 4359 456 4416 marito
474 4361 554 4428 ludis,
581 4361 698 4416 theatris
728 4361 889 4417 interfuerit.
930 4361 1003 4414 Uxor
1029 4365 1123 4415 autem
1155 4359 1299 4428 repudium
1327 4361 1431 4416 marito

173 4435 284 4488 mittete
303 4433 919 4503 possit:1)Simaritnscomraimperium
947 4432 1097 4502 conspiret.
1124 4431 1153 4500 2)
1187 4430 1217 4484 Sl
1237 4432 1314 4486 vitae
1333 4432 1431 4488 111111

174 4505 323 4562 insidiatus
342 4506 387 4560 sit.
406 4505 436 4572 3)
456 4505 485 4560 Si
504 4505 597 4560 uxoris
616 4505 739 4560 castitati
757 4505 905 4559 insidiatus
925 4505 970 4572 sit,
988 4520 1108 4572 eamque
1127 4502 1191 4558 aliis
1211 4504 1432 4574 prostituendam

174 4578 286 4632 tradere
322 4577 759 4642 11111111114181111111111111
797 4581 895 4633 contra
933 4593 1048 4632 uxorem
1082 4575 1220 4648 prolatum
1240 4577 1360 4648 probare
1378 4593 1436 4632 non

175 4649 303 4720 poluerit.
325 4648 352 4718 5)
371 4647 400 4703 Si
420 4649 537 4704 maritus
555 4649 600 4704 vel
620 4650 648 4704 in
668 4653 751 4706 domo
772 4667 823 4705 sua
843 4651 889 4705 vel
909 4653 987 4706 extra
1007 4665 1070 4704 eam
1101 4665 1163 4703 oum
1182 4647 1240 4704 alia
1257 4649 1374 4708 muliere
1391 4665 1436 4706 co·

176 4720 292 4788 habitet,
314 4725 396 4788 atque
415 4721 572 4778 admonitus
592 4739 649 4778 non
670 4722 802 4779 desistatt
1346 4793 1362 4850 1
1384 4793 1398 4830 *
