3420 5358
861 371 924 440 298

264 589 460 662 emendavit.
485 596 606 667 Utrum
631 599 738 687 igitur
777 599 949 666 Romanus
983 594 1150 677 Pontifex,
1183 596 1238 685 qui
1270 618 1416 665 errorem
1439 620 1510 667 oon-

263 677 387 746 fesaum
411 703 470 769 per
492 684 702 756 adversarios
737 705 867 777 quoque
898 683 1097 764 emendavit,
1134 685 1177 750 sit
1201 689 1319 753 auctor
1342 686 1509 754 scissionis

263 765 298 830 in
322 765 482 852 Ecclesia,
506 781 566 842 aut
590 797 669 843 vero
693 775 754 856 illi,
791 777 847 860 qui
870 773 986 858 agnito
1021 793 1132 842 errore
1165 774 1200 839 in
1223 773 1337 840 eodem
1361 797 1510 864 perseve-

263 862 351 940 rant,
374 879 455 936 sano
478 862 625 949 cujusvis
646 863 773 952 judicio
812 860 1060 950 dijudicandum
1083 859 1297 950 relinquitur.

263 1057 297 1151 ἓ.
332 1056 426 1138 144.
454 1062 517 1142 Dc
545 1061 670 1145 vitiis
698 1060 947 1146 calendarii
963 1060 1146 1160 Juliani,
1163 1084 1248 1164 quo
1265 1059 1512 1144 Orientalcs

791 1189 990 1270 utuntur.

358 1328 593 1400 calendarium
629 1333 802 1402 Julianum
840 1335 882 1400 ab
906 1332 1039 1400 ethnico
1074 1333 1169 1400 Julio
1193 1332 1334 1400 Caesare
1357 1331 1405 1399 sic
1429 1355 1513 1400 conr·

263 1413 426 1502 pellatum
471 1417 594 1507 duplici
641 1423 728 1494 vitio
764 1422 906 1504 laborat,
942 1441 1019 1486 nam
1054 1419 1087 1508 1)
1125 1425 1297 1494 tercentos
1334 1420 1514 1508 sexaginta

263 1505 406 1592 quinque
430 1505 499 1574 dies
523 1515 558 1576 et
578 1532 638 1577 sex
661 1510 760 1578 horas
784 1513 932 1597 integras
970 1531 1056 1577 anno
1080 1509 1185 1576 solari
1208 1507 1342 1590 tribuit,
1366 1531 1442 1577 cum
1465 1517 1515 1576 ta·

262 1613 337 1658 men
359 1592 511 1662 undecim
535 1597 669 1666 circiter
691 1600 820 1665 minute
844 1599 919 1664 istis
943 1597 1033 1664 horis
1058 1596 1188 1682 desint;
1234 1596 1269 1682 2)
1296 1595 1514 1664 decimonono

263 1680 381 1766 quovis
406 1705 491 1750 anno
515 1685 685 1767 redeunte,
710 1687 882 1754 novilunia
906 1691 941 1752 et
963 1685 1147 1774 plenilunia
1170 1686 1205 1751 in
1229 1684 1360 1751 easdem
1381 1683 1452 1752 dies
1477 1693 1513 1753 et

262 1768 360 1834 boras
383 1769 491 1837 redire
513 1775 618 1860 ponit,
652 1798 723 1842 cum
759 1782 869 1841 tamen
909 1774 1118 1841 novilunium
1151 1772 1263 1860 sesqui
1295 1771 1378 1840 hora
1412 1775 1515 1840 citius

261 1854 386 1923 redeat.
409 1857 490 1926 Ideo
515 1861 632 1929 15820
655 1864 900 1952 aequinoctium
923 1879 1062 1931 vernum
1089 1861 1200 1930 decem
1223 1860 1351 1942 diebus,
1375 1867 1411 1928 et
1433 1861 1515 1928 luna

263 1943 510 2035 decimaquarta
533 1951 631 2038 primi
666 1951 789 2019 mensis
824 1951 951 2019 lunaris
976 1949 1120 2040 (Martii)
1153 1971 1217 2038 quo
1241 1947 1364 2016 Judsei
1432 1949 1514 2018 acha

262 2032 485 2117 celebrabant,
511 2046 655 2125 quatuor
677 2038 794 2107 diebus
817 2041 917 2108 citius
941 2042 1139 2125 contigerat,
1153 2059 1252 2127 quam
1276 2037 1378 2105 Celen
1402 2040 1513 2106 arium

261 2117 436 2188 Julianum
461 2128 680 2195 monstrabat.
704 2128 792 2195 Hinc
817 2130 899 2195 vitia
922 2126 1113 2197 Calendarii
1132 2125 1233 2214 hujus
1256 2147 1404 2192 summus
1426 2125 1517 2193 Pon·

261 2207 343 2275 tifex
366 2209 550 2300 Gregorius
572 2213 671 2282 ΧΠΙ.
694 2216 854 2284 adhibitis
878 2215 1179 2283 eruditissimorum
1193 2214 1340 2281 virorum
1364 2213 1515 2281 consiliis

263 2295 358 2363 1582.
383 2297 417 2364 in
442 2320 480 2365 eo
504 2302 703 2385 emendavit,
726 2310 766 2371 ut
789 2311 861 2369 tum
884 2303 1131 2390 aequinoctium
1146 2323 1294 2383 vernum,
1319 2305 1391 2368 tum
1410 2305 1515 2369 etiam

219 2451 224 2463 ,
261 2385 503 2471 aequinoctium
527 2391 682 2477 paschale
694 2390 737 2459 ad
760 2393 993 2460 convenientes
1013 2414 1086 2459 cum
1098 2397 1266 2459 astrorum
1286 2395 1378 2458 motu
1400 2390 1516 2458 termi-

261 2495 322 2540 nos
344 2481 547 2559 revocatum,
572 2486 672 2569 etque
695 2480 745 2546 ita
768 2480 955 2548 stabilitum
988 2483 1044 2561 eit,
1066 2485 1107 2547 ut
1138 2481 1181 2547 ab
1204 2476 1436 2546 astronomicis
1458 2500 1513 2546 ra·

261 2561 409 2630 tionibus
432 2566 628 2634 notabiliter
650 2569 793 2657 amplius
817 2568 992 2637 deflectere
1025 2591 1090 2635 non
1114 2567 1231 2656 possit.
1254 2603 1256 2608 ·

261 2764 295 2858 ἓ.
328 2763 420 2864 145.
449 2767 691 2872 Praecepta
724 2769 867 2872 quoad
904 2768 1246 2851 celebrationem
1271 2767 1515 2850 Fastorum.

355 2933 431 3000 Duo
455 2934 667 3002 observantia
690 2937 866 3004 Fastorum
890 2942 1050 3028 importat
1081 2942 1280 3026 praecepta:
1304 2934 1396 3003 aliud
1420 2935 1515 3004 affir-

260 3024 421 3088 mativum
466 3022 578 3091 cultus
622 3023 724 3092 divini
756 3026 886 3115 publice
919 3025 1108 3115 peragendi,
1140 3027 1334 3113 negativum
1368 3024 1515 3092 alterum

261 3109 454 3176 cassandis
483 3109 662 3180 laboribus.
698 3113 793 3182 Festi
815 3114 886 3182 dies
906 3119 942 3182 in
964 3118 1099 3205 pietatis
1123 3117 1287 3203 operibus,
1310 3133 1376 3181 non
1400 3115 1435 3180 10
1457 3135 1516 3182 nc·

260 3200 360 3280 gotiis
394 3198 619 3268 saecularibus
652 3209 733 3271 sunt
768 3204 986 3289 transigendi,
1017 3206 1126 3288 inquit
1159 3200 1361 3269 Benedictus
1384 3199 1514 3288 XIV.¹)

261 3285 370 3353 Festis
393 3286 507 3354 diebus
531 3289 726 3376 prohibetur
748 3296 883 3379 praeter
906 3291 1036 3359 labores
1072 3289 1242 3358 manuales
1266 3291 1366 3357 etiam
1389 3309 1515 3358 marca·

260 3379 317 3440 tus
339 3396 451 3442 rerum
474 3377 651 3444 venalium.
676 3378 852 3446 Nundinae
876 3400 954 3447 vero
977 3380 1167 3446 tolerantur
1190 3378 1253 3446 sub
1276 3380 1377 3445 certis
1403 3377 1516 3444 condi·

261 3462 415 3544 tionibus,
446 3486 572 3552 nempe,
606 3468 646 3534 ut
679 3469 758 3555 ipsis
793 3465 908 3538 diebus
953 3468 1049 3535 festis
1093 3471 1243 3555 tempore
1288 3463 1514 3534 nundinarum

261 3551 510 3618 occurrentibus
532 3553 713 3641 apothecae
736 3554 937 3623 claudantur
971 3561 1007 3623 et
1034 3554 1187 3641 religioni
1209 3575 1249 3622 ac
1271 3557 1388 3643 pietati
1411 3574 1515 3642 opera

262 3636 362 3708 detur
376 3641 411 3725 ²).
434 3639 608 3709 Molitores
630 3665 696 3709 non
719 3649 860 3732 possunt
883 3643 1043 3711 molitioni
1065 3643 1263 3724 incumbere,
1293 3644 1422 3710 etiamsi
1445 3663 1515 3709 mo·

260 3725 430 3794 leudinum
453 3750 540 3817 aqua
564 3729 617 3797 vel
644 3738 757 3811 vento,
782 3732 838 3798 vel
850 3732 1010 3818 jumentis
1030 3731 1196 3812 volvatur,
1219 3729 1351 3798 seclusa
1375 3750 1516 3798 censua-

259 3813 374 3882 tudine
409 3815 464 3882 vel
497 3821 704 3887 necessitate.
737 3821 880 3894 Piscatio
914 3825 1002 3888 inter
1032 3840 1143 3908 opera,
1180 3818 1233 3887 die
1277 3820 1365 3886 festo
1400 3819 1513 3885 vetita

261 3907 361 3970 etiam
396 3904 571 3972 referenda
605 3912 676 3992 est;
711 3912 739 3974 si
769 3914 879 3977 tamen
911 3911 1092 3976 necessitas
1126 3913 1248 3995 urgeat
1283 3904 1438 3996 piscandi,
1473 3927 1515 3974 eo

261 3990 349 4079 quod
372 3995 471 4058 statis
494 3998 572 4060 anni
595 3994 710 4062 diebus
734 3995 794 4062 dat
817 4001 982 4065 transitus
1016 3996 1163 4084 piscium,
1204 4017 1269 4084 quc
1292 3994 1406 4083 elapso
1429 4001 1516 4062 tem·

262 4082 349 4162 poris
372 4079 524 4157 articulo,
555 4087 693 4171 piscatio
728 4105 842 4150 eorum
875 4085 966 4152 nulla
998 4085 1104 4166 fieret,
1142 4090 1223 4151 tunc
1257 4083 1515 4172 pauperioribus

260 4169 387 4322 litat
389 4169 874 4344 1“3;1..(1.ῖ11..101101
891 4173 1285 4350 llllllfflttattll
1288 4177 1313 4254 t’
1326 4169 1516 4341 tituil}

260 4344 483 4426 Ascensionis,
507 4345 723 4415 Pentecostes
737 4353 771 4432 ³).
1029 4311 1038 4346 '
1282 4311 1289 4342 ’
1430 4368 1434 4372 ·

261 4507 466 4517 κ--α-ι--ι

337 4591 589 4695 9000011000
612 4596 736 4662 ternpore
756 4594 779 4663 ξ.
801 4591 842 4674 17.
870 4663 875 4675 ¹
994 4665 1004 4676 ¹

338 4662 748 4808 11111111110111111
769 4667 893 4793 lidii?
912 4664 1053 4794 11110.
1075 4737 1118 4792 10.
1140 4740 1164 4807 §-
1185 4736 1227 4793 10.
