3426 5368
739 355 942 460 —aar—

219 573 318 663 jnxta
341 573 532 644 Comissarii
555 573 853 660 adinquirendum
878 575 1031 664 deputati
1054 574 1309 641 instructionem
1343 593 1364 638 a
1398 573 1468 640 vin·

222 663 288 730 culi
310 663 411 730 etiam
435 662 688 730 matrimonialis
710 663 893 731 Defensore
923 664 966 730 ad
999 661 1202 752 probandam
1236 659 1469 748 investigatio·

222 773 294 818 nem
318 749 463 818 debitam
485 751 671 832 instituere,
695 760 795 840 atqua
819 752 859 818 de
882 749 1045 819 resultato
1062 749 1127 817 sori
1153 755 1224 816 tum
1239 747 1468 816 testimonium

222 837 612 994 brithtllttll
638 838 770 994 iiiii
794 839 883 994 lid
907 773 1180 995 lllttttllt
1202 836 1469 992 tobith*

222 1014 279 1081 dee
303 1014 375 1082 dari
397 1017 512 1103 possit,
537 950 661 1100 partini
682 951 992 1102 quodduxtapciap.
1017 1013 1066 1081 10.
1085 947 1467 1103 deverborumpsignif.)

222 1102 352 1169 varium
376 1108 412 1169 et
434 1103 597 1169 mutabile
620 1105 847 1170 testimonium
871 1125 999 1192 semper
1022 1102 1145 1170 femina
1168 1101 1373 1190 produxerit,
1405 1100 1468 1167 sal-

223 1197 291 1258 tem
316 1213 402 1258 unus
426 1191 629 1258 medioianae
654 1189 770 1258 doctor
792 1191 992 1258 adhibeatur
1027 1212 1100 1257 aum
1135 1189 1323 1256 obstetrice.
1359 1188 1406 1256 Et
1439 1190 1467 1256 si

221 1279 285 1345 duo
331 1277 493 1367 rei-periti
529 1281 615 1344 omni
661 1283 851 1367 exceptione
876 1280 1016 1366 majores
1040 1277 1146 1345 relate
1180 1277 1223 1344 ad
1259 1287 1467 1366 praetensum

223 1365 496 1456 impedimentum
531 1367 746 1455 impotentiae
783 1368 956 1436 unanimes
991 1365 1209 1447 declararent,
1240 1364 1467 1454 impotentiam

222 1477 304 1536 esse,
327 1455 605 1542 insanabilamqet
628 1456 814 1522 absolutam
834 1459 1002 1544 ipsamque
1012 1454 1259 1521 matrimonium
1271 1458 1467 1542 praecessis·
1506 1487 1509 1496 ·

223 1564 258 1611 se
281 1565 359 1632 pars
383 1542 477 1629 cujus
501 1543 544 1609 im
571 1543 699 1610 otentia
722 1543 884 1612 asseritur
907 1555 1020 1632 petere
1044 1548 1166 1632 potest,
1190 1547 1230 1610 ut
1252 1540 1467 1631 tertiusquo-

224 1653 286 1718 que
310 1631 504 1719 rei-peritus
527 1565 737 1700 adhiheatur.
763 1631 799 1698 Si
823 1637 935 1698 autem
957 1634 1153 1718 impotentia
1176 1635 1309 1697 tantum
1331 1653 1392 1719 pro
1420 1653 1468 1696 re·

221 1721 369 1807 spectiva
392 1718 589 1798 declaretur,
614 1720 807 1806 conspirans
829 1721 948 1787 saltem
971 1723 1072 1787 trium
1086 1719 1316 1808 reiperitorum
1340 1717 1468 1786 consul·

223 1814 294 1873 tum
317 1806 361 1874 ad
384 1807 613 1894 probationem
636 1807 768 1895 plenam
791 1808 984 1897 requiritur.
1010 1813 1050 1892 (ξ.
1076 1807 1149 1890 174,
1172 1807 1349 1894 Instruct)

349 1987 384 2081 ἓ.
414 1983 510 2066 212.
538 1985 602 2066 De
641 1983 899 2088 probatione
926 2009 1006 2089 per
1032 1987 1335 2068 instrumenta.

317 2151 486 2232 Probatio,
511 2152 540 2218 si
563 2174 623 2240 per
646 2153 841 2220 authentica
864 2153 1034 2221 litteraria
1058 2153 1365 2233 instrumentafiat,
1378 2175 1469 2241 prae·

222 2239 314 2308 valet
358 2239 550 2328 probationi
573 2262 631 2328 per
654 2246 760 2307 testes
783 2241 915 2328 iactae3
940 2242 1028 2309 unde
1052 2246 1170 2309 tritum
1207 2241 1317 2306 illud:
1353 2246 1469 2307 contra

222 2328 452 2396 authenticum
476 2327 626 2394 litterale
648 2332 908 2397 instrumentum
943 2331 1122 2397 humanum
1157 2331 1372 2397 testimonum
1402 2350 1468 2396 non

222 2415 424 2497 admittitur,
438 2416 493 2504 (ob
507 2417 806 2505 praesumptionem
828 2418 915 2505 juris
938 2425 973 2485 et
996 2418 1036 2484 de
1056 2419 1141 2506 jure,
1165 2417 1467 2506 quaenonnisievi-

222 2503 378 2570 dentibus
400 2504 607 2590 argumentis
630 2505 737 2593 possit
760 2506 876 2572 everti.
901 2505 981 2594 Cap.
1005 2506 1057 2573 10.
1082 2505 1123 2572 de
1146 2506 1212 2572 fide
1238 2506 1392 2572 instrum.
1428 2511 1469 2571 ut

222 2595 249 2658 ei
271 2591 478 2659 sufficienter
500 2592 699 2681 probaretur
721 2593 898 2660 Notarium
931 2617 963 2660 v.
995 2618 1027 2680 g.
1059 2594 1093 2660 in
1136 2596 1354 2660 instrumento
1392 2593 1468 2660 sub·

222 2682 381 2767 scriptum
404 2701 490 2746 anno
514 2678 586 2746 dati
606 2681 674 2768 jam
698 2681 802 2748 fuisse
826 2686 1017 2768 mortuum.)
1039 2681 1137 2750 Unde
1159 2681 1312 2770 probatio
1332 2693 1391 2769 per
1421 2685 1469 2746 te·

221 2771 290 2834 ates
313 2790 373 2834 seu
395 2767 581 2834 testimonia
605 2769 748 2836 humana
771 2770 902 2836 nonnisi
919 2770 953 2836 in
978 2770 1111 2836 defectu
1121 2769 1319 2838 litteralium
1329 2768 1466 2835 authen·

220 2857 285 2923 tice
330 2856 553 2923 coniectorum
599 2857 870 2925 documentorum
900 2881 960 2948 per
992 2859 1191 2926 alterutram
1228 2862 1358 2946 partem
1392 2879 1466 2944 pro·

221 2945 295 3011 duci
317 2945 555 3030 nequeuntium
578 2945 705 3032 injure
729 2947 866 3036 foroque
890 2947 1147 3014 contradictorio
1189 2946 1297 3013 locum
1320 2944 1460 3012 obtinet.

220 3032 307 3100 Sunt
330 3037 441 3099 antam
464 3032 689 3102 instrumenta
714 3035 872 3118 literaria,
897 3033 1106 3116 documenta,
1130 3034 1305 3122 etquidem
1322 3031 1464 3122 publica,

220 3142 239 3187 a
285 3141 404 3188 ersona
426 3119 562 3209 publica
585 3123 606 3187 i.
632 3144 658 3189 e.
678 3123 813 3211 publica
836 3127 1038 3190 anctoritate
1061 3122 1104 3189 ad
1128 3122 1332 3190 exarandum
1355 3125 1390 3188 et
1413 3144 1466 3188 ex·

218 3232 259 3298 pe
285 3207 418 3276 'endum
441 3208 674 3276 documentum
696 3210 911 3291 auctoritata,
934 3211 1016 3276 talia
1029 3209 1226 3278 documenta
1238 3209 1372 3298 publica
1386 3216 1467 3274 sunt

219 3297 298 3364 libri
323 3296 555 3365 matriculares
577 3298 817 3387 parochiarum,
842 3301 1029 3366 sententiae
1051 3320 1111 3386 per
1132 3297 1293 3365 Notarios
1315 3296 1467 3386 publicos

216 3384 418 3472 judiciorum
441 3385 652 3454 exstradatae
676 3394 739 3454 eta.
763 3387 815 3454 vel
838 3387 974 3474 privata
993 3387 1200 3467 documenta,
1247 3407 1308 3452 uae
1332 3407 1466 3473 nonpu·

219 3475 306 3540 blica
330 3477 530 3540 auctoritate
552 3474 611 3541 sed
634 3497 654 3539 a
677 3476 828 3564 personis
852 3474 995 3563 privatis
1017 3479 1209 3542 exarantur.
1224 3408 1337 3540 (lorro
1369 3472 1467 3539 docu-

219 3566 332 3629 menta
354 3566 434 3627 sunt
457 3561 511 3629 vel
535 3563 710 3650 orginalis,
734 3564 861 3651 scripta
884 3564 925 3628 ab
949 3563 1001 3644 iis,
1025 3585 1164 3652 quorum
1187 3561 1465 3650 subscriptionem

219 3649 387 3730 exhibent,
410 3655 470 3715 aut
492 3652 631 3737 copiata,
655 3674 714 3717 seu
736 3674 777 3718 ex
800 3651 1019 3737 originalibus
1035 3651 1203 3739 descripta
1239 3655 1465 3737 transumpta.

218 3737 427 3804 Documenta
449 3738 583 3826 publica
605 3737 713 3807 relate
736 3739 777 3805 ad
803 3740 902 3820 facta,
944 3739 985 3806 de
1016 3740 1137 3825 quibus
1171 3744 1302 3818 sonant,
1336 3743 1466 3826 p'enam

241 3826 354 3893 robam
378 3824 538 3906 efficiunt,
563 3827 618 3911 qui
643 3827 869 3895 contradicere
891 3827 947 3895 his
970 3830 1055 3910 vult,
1079 3828 1253 3916 supposita
1265 3825 1376 3893 eadem
1394 3846 1466 3892 esse

217 3849 447 3980 demonstrare
471 3913 650 4000 obligatur.
675 3915 892 4004 Suppositum
916 3917 969 3982 vel
993 3915 1206 3983 falsificatum
1239 3936 1310 3980 esse
1333 3911 1467 3998 aliquod

218 4000 450 4069 documentum
474 4002 642 4090 publicum
669 4005 832 4070 verificari
854 4009 968 4090 potest
990 4002 1181 4072 testimonio
1205 4001 1319 4080 officii,
1358 4023 1465 4089 aquo

217 4089 304 4156 illud
328 4089 559 4156 documentum
583 4093 761 4172 emanavit,
786 4092 873 4181 quod
905 4091 1060 4180 partibus
1094 4112 1174 4178 erga
1210 4111 1379 4158 recursum
1412 4112 1467 4154 ex-

219 4176 326 4266 pediri
351 4177 460 4244 debet.
483 4176 692 4246 Documenta
714 4181 859 4269 privato,
884 4179 1082 4248 documenta
1105 4180 1145 4246 de
1168 4179 1258 4246 facto
1281 4176 1468 4264 circaquod

218 4271 337 4334 auctor
360 4267 582 4333 interessatus
605 4290 672 4334 non
695 4277 756 4350 est,
780 4269 851 4336 sola
876 4290 1053 4354 nunquam,
1078 4267 1137 4334 sed
1160 4267 1266 4334 solum
1290 4288 1362 4332 cum
1386 4265 1468 4329 alio·

217 4375 290 4420 rum
303 4355 442 4420 testium
450 4353 649 4422 sessionibus
662 4357 839 4424 conferunt
847 4355 889 4420 ad
897 4355 1104 4444 probandum
1115 4354 1260 4442 (Confer.
1272 4351 1468 4420 Kntsohker

217 4441 260 4508 V.
284 4439 390 4508 Band.
416 4465 489 4529 pag.
512 4441 587 4509 872.
611 4449 647 4512 et
669 4444 759 4532 873.)
783 4445 1013 4512 Instrumenta
1036 4454 1148 4510 autom
1172 4442 1295 4510 debent
1309 4439 1415 4530 judici
1430 4439 1467 4508 in

218 4529 346 4618 origiue
369 4529 527 4612 exhiheri,
552 4553 690 4616 quorum
714 4533 906 4619 genuinitas
942 4532 971 4599 ai
1001 4532 1037 4596 in
1076 4529 1214 4597 dubium
1249 4535 1396 4608 vocetur,
1432 4528 1467 4595 in

218 4625 379 4706 quantum
403 4625 518 4684 eontra
541 4620 743 4688 matrimonii
771 4621 914 4688 valorem
938 4618 1102 4709 producta
1126 4625 1250 4698 essent,
1274 4616 1388 4684 eadem
1412 4613 1467 4681 de·

218 4707 440 4794 positionibus
463 4707 641 4796 conjugum
665 4717 723 4778 aut
749 4710 867 4776 talium
891 4728 1117 4797 personarum,
1141 4728 1227 4795 quae
1258 4727 1322 4792 qua
1360 4707 1467 4771 testes
