3476 5366
877 357 940 432 126
1016 355 1019 364 '

805 457 1010 472 -φ--ι--ι--κ

287 583 452 672 praesidio
463 581 680 650 Patriarehae
691 584 902 670 congregatis
916 583 1151 671 Metropolitis,
1165 583 1472 672 Archi-Episcopis,
1496 589 1531 648 et

287 671 388 738 etiam
399 669 591 760 Episcopis3
605 677 706 759 atqua
717 670 922 752 Nationalia,
936 671 1015 737 dum
1026 671 1304 760 Archi-Episcopi
1318 677 1353 740 et
1373 671 1405 738 E
1429 670 1532 758 isoopi

287 757 428 844 alicujus
437 758 599 846 Regionis
607 759 668 825 sub
680 758 838 841 Primate,
852 781 910 826 seu
921 759 1074 848 Principe
1085 759 1379 912 Archi-Episcopo
1416 757 1532 846 eobje·

287 845 351 913 ctis
363 845 706 914 ecclesiasticisfidem
717 851 753 914 et
775 845 983 936 disciplinam
991 848 1215 915 attinentibus
1224 869 1325 913 consu
1342 847 1447 914 taturi
1462 861 1536 913 oon·

287 937 426 1038 veniunt
432 957 444 1037 3
468 933 581 1023 qualia
604 941 701 1039 erant
723 934 871 1038 Concilia
894 935 1173 1038 carthaginensis
1196 934 1373 1038 Africana,
1400 941 1435 1002 et
1457 934 1534 1014 alia,

287 1021 1537 1200 ill¹¹1⁸>,stititlt,³littttalpitlfitz,stiltivilitati.

287 1199 451 1280 siasticae,
476 1199 538 1266 sub
561 1199 726 1285 praesidio
749 1198 995 1288 Metropolitae,
1020 1205 1080 1266 aut
1103 1198 1181 1266 sede
1203 1199 1465 1287 Metropolitana
1481 1221 1537 1265 va-

287 1293 385 1354 cante
407 1286 606 1374 antiquioris
629 1286 665 1354 in
688 1287 865 1355 Provincia
893 1283 1047 1376 Episcopi
1071 1293 1327 1441 congregantur.
1342 1287 1532 1355 Convocan-

286 1380 345 1442 tur
367 1383 479 1444 autem
501 1397 522 1442 a
544 1374 725 1456 Praesidio,
750 1377 838 1442 sicut
875 1375 1086 1457 dictumest,
1125 1376 1195 1442 Met
1216 1376 1351 1464 opolita,
1391 1376 1444 1442 vel
1479 1397 1535 1441 an·

287 1463 427 1552 tiquiori
453 1462 628 1552 Episcopo,
661 1484 828 1552 nunquam
863 1486 941 1530 vero
973 1487 993 1528 a
1024 1464 1158 1532 vicario
1191 1464 1461 1552 Metropolitano,
1478 1469 1539 1529 aut

288 1557 429 1628 vacante
451 1551 528 1618 sede
551 1573 571 1616 a
592 1550 716 1618 Vioaro
739 1551 918 1641 capitulari
940 1553 1210 1641 Metropolitano.
1237 1551 1533 1638 Quoadobligatio·

287 1661 363 1707 nem
385 1637 655 1707 celebrandarum
678 1638 796 1706 harum
834 1639 1044 1728 Synodorum
1090 1639 1355 1728 provincialium,
1383 1640 1539 1706 ¹Oanones

219 1739 222 1744 “
287 1726 468 1808 Ecclesiae,
482 1726 657 1794 orientalis
679 1728 853 1816 sequentia
864 1729 1117 1816 praescribunt:
1143 1729 1259 1794 Canon
1284 1727 1467 1796 XXXVII.
1479 1727 1537 1794 SS.

288 1816 544 1904 Apostolorum:
572 1814 650 1896 ,Bis
672 1815 707 1881 in
730 1838 817 1883 anno
842 1817 901 1883 fiat
924 1817 1162 1904 Ep²scoporum
1189 1816 1354 1905 Synodus,
1392 1822 1426 1883 et
1450 1817 1540 1882 inter

289 1926 325 1971 se
343 1903 534 1971 examinent
556 1903 691 1971 decreta
712 1904 898 1991 religionis,
923 1909 962 1971 et
980 1904 1167 1972 incidentes
1203 1905 1447 1972 controversias
1484 1925 1538 1970 ec-

291 1991 499 2060 clesiasticas
522 1990 834 2060 dirimant‘Csnon
858 1992 900 2060 V.
925 1992 1065 2060 Concilii
1087 1993 1228 2060 Nicaeni
1250 1993 1277 2059 Ι.
1301 1992 1414 2079 jubet:
1439 1992 1538 2059 bisin

289 2102 375 2148 anno
399 2080 595 2167 congregari
618 2080 790 2169 Synodum
814 2081 1064 2170 Episcoporum,
1088 2087 1127 2148 ut
1151 2081 1185 2146 in
1210 2081 1373 2168 superiori
1403 2081 1536 2146 Instan-

289 2172 337 2236 tia
359 2169 567 2236 examinetur
589 2190 690 2235 eausa
712 2169 924 2250 clericorum,
949 2169 1202 2250 autLaioorum‚
1226 2169 1284 2257 qui
1294 2170 1335 2235 ab
1358 2168 1541 2257 Episcopis

290 2257 564 2324 excommunicati
586 2262 677 2339 sunt,
700 2264 810 2346 atque,
823 2257 1010 2324 utsolvant
1025 2256 1535 2346 reliquaseoclesiasticasquae·
1632 2333 1636 2340 ¹

289 2345 426 2413 stiones.
471 2344 607 2411 Pariter
629 2344 814 2413 Concilium
836 2344 1094 2425 Antiochenum,
1119 2345 1252 2413 Canone
1285 2345 1363 2414 XX.
1391 2345 1439 2411 bis
1479 2367 1542 2433 per

290 2456 413 2501 annum
436 2432 597 2500 celebrari
619 2432 789 2522 Synodum
813 2433 1054 2522 Episcoporum
1088 2433 1295 2521 praescribit,
1332 2432 1447 2499 addito
1482 2455 1542 2500 eo:

290 2544 356 2589 non
378 2521 479 2588 licere
501 2520 676 2609 Episcopis
707 2521 860 2610 Synodos
882 2544 942 2610 per
964 2544 1000 2589 se
1022 2522 1132 2588 facere
1154 2522 1226 2588 sine
1249 2523 1300 2602 iis,
1346 2523 1444 2589 uibus
1461 2528 1543 2588 sunt

291 2610 437 2688 creditae
455 2609 667 2697 Metropoles.
692 2609 806 2677 Canon
829 2633 908 2677 vero
950 2609 1091 2677 Concilii
1114 2609 1267 2675 Trullani
1290 2542 1467 2690 ViH-vus,
1492 2631 1543 2677 se·

290 2697 355 2766 mel
379 2703 511 2764 tantum
534 2719 739 2784 perannum
763 2697 924 2765 celebrari
953 2698 1050 2785 jubet
1084 2697 1257 2785 Synodum
1286 2697 1542 2786 Episcoporum,

290 2786 420 2853 afesto
443 2785 601 2866 Paschae,
624 2807 728 2895 usque
750 2787 793 2853 ad
816 2786 1088 2873 complementum
1111 2786 1237 2853 Mensis
1260 2785 1423 2853 Octobris.
1442 2785 1543 2854 Deni-

291 2897 354 2959 que
376 2871 562 2942 Concilium
585 2872 820 2940 Tridentinum
842 2874 962 2940 saltem
1000 2873 1090 2940 omni
1123 2875 1225 2939 tertio
1260 2897 1345 2940 anno
1380 2874 1545 2941 celebrari

291 2962 461 3050 Synodum
484 2960 722 3049 provincialem
744 2961 970 3050 praescripsit.
995 2961 1104 3048 (Sese
1120 2961 1250 3030 XXIV.
1273 2962 1308 3030 G.
1341 2963 1370 3027 2.
1404 2962 1444 3029 de
1479 2963 1544 3030 Re·

291 3051 401 3129 form.)
423 3048 639 3137 Metropolitas
662 3057 784 3132 autem,
808 3050 863 3118 vel
886 3049 998 3117 senior
1019 3051 1213 3139 Episcopus,
1238 3052 1295 3139 qni
1324 3073 1384 3138 pro
1425 3073 1539 3117 rerum

292 3137 553 3206 circumstantiis
575 3137 748 3226 Synodum
770 3138 1008 3226 provincialem
1032 3139 1233 3206 convocandi
1252 3139 1309 3225 jus
1317 3139 1428 3220 habet,
1444 3139 1543 3220 illud,

292 3228 353 3295 sub
376 3248 480 3315 poena
501 3227 741 3313 supensionis1)
764 3227 1077 3294 convocare-debet.

387 3313 424 3382 Si
446 3314 487 3381 ob
506 3314 633 3402 justam
656 3335 789 3389 causam
812 3337 993 3383 convocare
1016 3338 1082 3382 non
1104 3317 1220 3403 possit,
1256 3313 1540 3403 dispensationem

292 3425 312 3468 a
333 3402 497 3470 Pontifice
519 3402 654 3492 petar).
678 3404 787 3470 Locus
810 3403 1079 3491 congregationis
1102 3404 1239 3490 synodi,
1275 3405 1311 3470 in
1345 3402 1462 3490 regula
1485 3409 1540 3470 est

291 3491 359 3573 ille,
382 3493 418 3557 in
441 3513 504 3575 quo
527 3491 743 3580 Metropolita
766 3493 900 3574 residet,
924 3498 1038 3580 potest
1060 3498 1171 3558 tamen
1195 3497 1230 3559 at
1253 3491 1341 3558 alter
1375 3493 1467 3558 locus
1491 3513 1541 3560 se·

292 3577 344 3646 dis
367 3579 509 3667 alicujus
531 3579 742 3669 Episcopalis
764 3602 823 3669 pro
847 3581 1104 3668 congregatione
1126 3578 1325 3647 commodior
1349 3577 1538 3667 designari.¹

293 3760 327 3853 §-
360 3755 452 3838 110.
480 3757 544 3838 ne
570 3757 639 3856 us,
667 3759 744 3861 qui
771 3759 827 3839 aa
854 3759 1075 3860 synodum
1103 3717 1419 3841 urrisanana
1448 3781 1545 3840 con-

756 3884 943 3966 vocandi
969 3887 1083 3966 sunt.

390 4029 473 4097 Cum
494 4029 599 4118 priori
622 4037 652 4115 ξ.
691 4029 827 4097 adducti
862 4031 1012 4099 Canonss
1047 4034 1087 4098 de
1122 4015 1279 4119 Synodis⁸
1299 4031 1543 4120 Episcoporum

294 4124 407 4202 agant,
431 4118 549 4186 stricte
572 4119 615 4185 ad
637 4117 806 4206 Synodum
829 4119 1067 4207 provincialem
1091 4119 1217 4207 singuli
1249 4119 1448 4187 Provinciae
1472 4119 1544 4206 ejus

295 4203 539 4274 ecclesiasticae
561 4205 718 4296 Episcopi
749 4208 891 4275 vocandi
929 4214 1019 4292 sunt,
1055 4207 1112 4296 qui
1146 4209 1249 4276 etiam
1283 4215 1362 4276 voto
1397 4209 1543 4276 decisivo

295 4294 426 4382 aequali
449 4317 523 4363 oum
545 4294 762 4385 Metropolita
783 4296 942 4384 gaudent.
967 4295 1090 4366 Vocati
1113 4301 1225 4364 antem
1239 4296 1408 4384 Episcopi,
1422 4296 1545 4382 quibus

372 4518 390 4590 ¹)
410 4517 438 4576 C.
458 4520 483 4575 7.
503 4519 533 4574 D.
555 4519 614 4588 18.;
634 4517 662 4574 C.
682 4519 725 4574 25.
746 4518 781 4573 de
800 4534 899 4588 accus,
920 4535 990 4586 quae
1009 4522 1103 4574 tamen
1122 4535 1178 4574 non
1198 4523 1240 4574 est
1258 4519 1333 4574 latae
1353 4519 1402 4574 sed
1414 4519 1546 4574 ferendae

296 4592 450 4649 sententiae
466 4592 546 4663 juxta
564 4590 656 4647 Consi.
677 4591 760 4648 Leon.
780 4590 812 4645 X.
852 4591 1025 4662 ,‚Regimini“
1065 4609 1147 4661 quam
1167 4589 1248 4648 Cone.
1286 4591 1359 4646 Trid.
1398 4607 1454 4648 non
1493 4591 1546 4645 im·

296 4666 424 4724 mutavit.

370 4739 390 4810 ²)
410 4738 571 4796 Gallemart.
591 4737 626 4792 ad
646 4737 718 4794 Trid.
733 4737 830 4796 XXIV.
853 4734 880 4791 C.
902 4736 926 4790 2.
947 4739 1047 4794 declar.
1071 4737 1094 4794 1.
