3464 5366
768 393 811 458 67

164 609 249 678 veis
275 609 366 677 llaba
387 611 476 678 Dist.
501 610 663 678 denotans
685 610 943 681 Distinotionem
966 634 1039 680 eum
1062 631 1197 681 numero
1221 634 1248 680 e.
1272 635 1306 700 g.
1328 612 1364 681 O.
1372 613 1402 678 6.

163 695 230 764 D.l
255 746 263 764 .
287 696 434 768 velden.
458 699 488 766 6.
512 697 602 766 Dist.
627 697 678 766 17.
702 699 733 768 Ε
767 699 869 767 Parte
891 701 946 768 aa
969 700 1083 772 Canon
1107 721 1207 769 eausa
1230 702 1404 788 quaestio:

162 784 936 978 rasasessentiales:
960 789 1408 946 laudarunt}

161 983 189 1048 g.
213 957 254 1030 de
281 968 539 1031 consecratione.
1140 979 1143 986 ’
1195 995 1202 1016 1

252 1069 299 1140 Π.
322 1067 655 1142 Praeter-Decretum
679 1071 836 1142 Gratiani
859 1073 1094 1164 complectitur
1131 1072 1261 1163 Corpus
1306 1071 1331 1139 J
1332 1070 1404 1138 nris

160 1155 333 1238 Canonici:
356 1157 550 1228 Decretales
573 1161 728 1249 Gregorii
759 1159 850 1244 IX·i,
895 1185 977 1247 quas
1018 1161 1116 1250 jussu
1160 1157 1317 1249 Gregorii
1339 1159 1405 1227 IX.

161 1243 358 1316 Pontificise
368 1249 470 1316 variis
478 1249 622 1337 privetis
632 1247 883 1318 collectionibus
899 1248 1068 1338 congessit
1088 1247 1122 1318 S.
1135 1248 1354 1337 Raymnndns
1367 1247 1408 1320 de

161 1331 370 1492 l‘tengafppate,
393 1334 575 1427 divisitque
597 1360 679 1428 opus
700 1338 736 1404 in
758 1335 789 1404 5.
800 1337 914 1420 libros,
925 1337 1095 1427 singulum
1106 1337 1232 1406 librum
1245 1335 1408 1405 intitules

161 1443 177 1488 e
242 1445 299 1513 apr
338 1474 345 1491 .

254 1533 467 1605 citerioris:
491 1535 527 1608 Ο.
551 1537 606 1605 vel
641 1537 720 1626 Cap.
744 1535 896 1606 indicans
919 1537 1039 1626 Caput,
1063 1536 1141 1605 dein
1164 1537 1302 1626 ponitur
1345 1535 1410 1604 ini·

162 1619 242 1690 tiele
262 1622 472 1704 vocabulum,
496 1624 551 1693 val
575 1625 701 1716 absque
723 1626 785 1692 hoe
807 1647 976 1708 numerus,
1013 1624 1091 1693 dein
1125 1623 1262 1694 Titulus
1299 1648 1331 1690 v.
1373 1646 1408 1711 g.

159 1709 235 1800 Cap.
259 1709 288 1780 L
312 1709 381 1780 Tit.
403 1710 538 1784 XXHI.
562 1711 614 1782 De
636 1713 747 1782 officio
770 1712 1041 1781 Archi-Diaconi.
1062 1713 1148 1781 Post
1180 1711 1409 1782 Decretalium

161 1798 315 1886 Gregorii
336 1799 400 1868 IX.
422 1801 527 1870 libros
550 1801 592 1883 5.,
616 1800 768 1890 sequitur
790 1800 825 1868 in
849 1799 994 1892 Corpore
1016 1799 1113 1870 Jurie
1134 1801 1295 1871 Canonici
1305 1800 1410 1868 Liber

161 1893 272 1956 sextus
294 1886 532 1971 Decretalium,
556 1889 721 1958 Bonifacii
746 1887 844 1958 VIII.
869 1889 1052 1972 Pontificis,
1077 1896 1112 1956 et
1133 1890 1253 1958 citatio
1266 1890 1308 1958 fit
1320 1889 1409 1957 sicut

161 1995 199 2042 ex
219 1974 456 2046 Decretalibus
478 1977 636 2068 Gregorii
657 1977 720 2046 IX.
743 1977 859 2046 addito
881 1984 995 2046 tamen
1017 1979 1053 2045 in
1076 1983 1181 2046 sexto.

249 2083 338 2155 Dein
362 2094 541 2157 occurrunt
563 2087 800 2170 clementinae,
825 2110 884 2156 een
900 2088 1160 2157 constitutiones
1172 2088 1354 2158 Clementis
1363 2085 1405 2157 V.

161 2171 333 2242 Pontificis
356 2175 393 2242 in
414 2175 445 2243 5.
458 2176 584 2280 libros,
608 2177 729 2280 titulos
751 2181 790 2280 et
808 2175 957 2279 capitula
980 2176 1116 2279 divisae,
1140 2184 1243 2267 atque
1287 2176 1408 2280 Extra·

161 2261 368 2420 131Ἕὲ
368 2285 453 2422 ⁰3¹5
456 2264 624 2421 ’1ᾱῖῗᾶ
643 2265 845 2422 dimidie
853 2263 1055 2421 lectt
1073 2264 1404 2420 latebit?

160 2371 291 2506 ariberta
314 2375 420 2508 sclllm
445 2441 650 2510 auctoritate
672 2402 854 2522 collectae,¹
866 2440 901 2506 in
925 2441 1021 2510 XIV.
1032 2441 1152 2509 titulos
1165 2377 1303 2508 maiae.
1319 2403 1410 2508 Deirl

210 2531 430 2616 travagantes
453 2551 651 2610 communes,
675 2529 763 2597 eirea
785 2551 908 2596 annum
928 2528 1024 2596 1484.
1048 2528 1182 2617 privato
1205 2528 1319 2598 studio
1342 2528 1408 2596 col-

161 2612 273 2696 lectae,
296 2637 382 2705 quae
406 2617 613 2685 diversorum
635 2617 836 2686 Pontificum
859 2617 1118 2686 constitutiones
1163 2618 1326 2698 referunt,
1372 2616 1408 2684 in

161 2700 200 2768 V.
223 2701 328 2772 libros
350 2710 386 2773 et
409 2705 485 2774 dein
507 2706 628 2778 titulos
651 2705 790 2774 divisae.
814 2705 941 2774 Oitatio
964 2707 1007 2773 fit
1029 2713 1129 2794 prout
1173 2729 1191 2773 e
1235 2705 1407 2794 prioribus

162 2789 1411 2952 peeeppp,haapep3313„pipppevppmppfflrppaefflreffi.

163 2900 280 3056 nlrblplss
296 2979 329 3036 et
352 2905 610 3038 constitutibnbs
632 2969 788 3056 Gregorii
864 3021 882 3052 .,
905 2970 1073 3038 Bonifaoii
1112 2931 1218 3039 vm?
1258 2976 1293 3038 et
1338 2968 1411 3038 Cle·

164 3055 281 3124 mentis
302 3055 340 3126 V.
365 3061 465 3144 atque
488 3058 762 3146 Extrauagantes
784 3060 1025 3148 subsequentes
1049 3058 1160 3126 seculo
1198 3056 1296 3128 XVI.
1345 3057 1412 3160 pri·

165 3151 240 3210 vata
262 3166 363 3234 opera
386 3146 523 3234 collegit
545 3147 668 3216 Petrus
690 3146 841 3213 Mathaei
862 3146 1136 3215 iurisconsultus
1147 3146 1407 3234 Lugdunens1s3

163 3251 244 3318 qnae
265 3231 456 3322 compilatio
480 3257 647 3323 nunquam
670 3257 690 3301 a
712 3234 877 3303 Pontifice
900 3234 1012 3323 aliquo
1058 3235 1252 3324 approbata,
1302 3255 1412 3301 recen·

164 3319 303 3388 rioribus
326 3322 472 3410 corporis
494 3321 591 3406 Jnris
613 3321 771 3391 Canonioi
794 3323 997 3390 editionibus
1021 3321 1202 3410 subjuncta
1213 3328 1274 3390 est.
1298 3322 1412 3388 -Ad

164 3405 282 3475 calcem
299 3406 446 3497 denique
468 3411 615 3500 corporis
637 3409 734 3480 Jnris
757 3409 915 3480 Canonioi
938 3409 1074 3479 additae
1096 3417 1197 3478 sunt:
1244 3410 1409 3492 „Institu-
1529 3492 1532 3502 ,

165 3493 268 3564 tiones
291 3496 510 3582 Laneellotie,
534 3499 641 3588 prima
663 3497 760 3566 Juris
782 3495 950 3588 principia
972 3500 1203 3589 complectens.

211 3676 246 3772 ἕ.
274 3674 343 3760 53.
370 3676 434 3760 De
461 3677 722 3760 auctoritate
749 3678 944 3780 corporis
971 3678 1095 3762 Juris
1133 3676 1357 3760 (laconici.

256 3843 340 3913 Cum
363 3843 475 3914 nullus
497 3845 701 3913 Pontificum
723 3867 912 3948 expressam
947 3846 1220 3936 approbationem
1266 3843 1410 3913 omnium

165 3951 274 4001 eornm
296 3933 438 4036 quaein
460 3933 604 4002 Decreto
627 3932 784 4002 Gratiam
807 3934 977 4022 complexa
1003 3940 1084 4003 sunt
1105 3933 1259 4014 ediderit,
1284 3933 1353 4002 Gre
1379 3955 1411 4000 o·

166 4018 232 4089 rins
254 4041 343 4088 emm
365 4019 465 4090 ΧΠΙ.
490 4021 623 4090 nonnisi
646 4020 908 4091 emendationem
916 4023 1053 4091 Decreti
1067 4021 1304 4091 ratihabnitet
1325 3957 1410 4088 nibil
1461 4051 1463 4056 ·

166 4107 302 4192 eiaddi,
326 4116 387 4176 ant
409 4110 444 4177 in
467 4131 506 4177 eo
530 4109 652 4176 mutari
677 4110 854 4199 praecepit.
901 4111 1126 4200 Romanisque
1171 4108 1412 4214 Tppographis

166 4195 295 4266 decreto
335 4195 375 4264 de
400 4196 429 4264 1.
452 4197 551 4266 Junii
574 4197 669 4264 1580.
693 4203 862 4287 tamquam
885 4221 968 4288 opus
991 4200 1143 4288 publicae
1165 4199 1332 4265 utilitatis
1356 4197 1413 4263 im-

166 4283 326 4372 primendi
348 4284 547 4354 facultatem
570 4286 742 4368 concessit,
767 4308 815 4367 ea,
839 4308 923 4376 quae
946 4308 987 4354 ex
1008 4285 1153 4355 Decreta
1176 4287 1239 4355 hcc
1254 4283 1413 4354 Gratiani

166 4371 313 4441 citantur
334 4372 521 4442 reducenda
545 4380 624 4442 sunt
647 4373 690 4441 ad
713 4373 832 4456 fontes,
856 4398 897 4442 ex
920 4375 1041 4463 quibus
1054 4375 1158 4443 citata
1179 4374 1300 4442 hausta
1313 4383 1413 4456 sunt;

168 4459 228 4529 imo
249 4461 432 4530 Decretum
453 4463 466 4528 i
491 4485 563 4529 sum
587 4463 720 4529 reticeri
750 4468 784 4529 et
807 4463 883 4531 fons
905 4463 977 4552 ipse
1000 4463 1097 4531 citari
1144 4468 1267 4550 potest.
1314 4458 1411 4543 Quod

166 4555 273 4616 autem
297 4549 430 4618 adtinet
485 4549 645 4618 ecretalas
668 4549 826 4638 Gregorii
849 4549 921 4632 ΙΧ.,
945 4552 1027 4618 item
1049 4551 1188 4619 Librum
1213 4549 1270 4618 VI.
1295 4548 1414 4615 Decre-

168 4637 292 4720 tnlium,
317 4637 554 4720 clementinas,
578 4660 616 4706 ac
638 4637 919 4725 Extravagantes,
977 4661 1038 4706 uae
1068 4637 1194 4728 partim
1239 4636 1413 4723 originem,

169 4725 286 4812 partim
309 4726 580 4816 approbationem
605 4725 809 4815 pontificiam
832 4661 1074 4816 praecelerant,
1099 4725 1261 4812 vimlegis
1276 4725 1411 4800 babent,

1346 4833 1378 4884 b*
