3426 5368
676 453 682 460 .
733 357 815 460 ‚ill

155 575 199 640 ad
222 598 335 640 eorum
360 576 650 662 qualificatiouem,
674 583 708 641 at
734 583 934 642 momentum
954 595 1136 652 cansarum,
1154 574 1235 636 item
1260 594 1299 635 ue
1324 591 1409 635 unus

157 663 289 728 alterve
313 662 411 728 nimis
434 663 606 742 obruatur,
630 663 689 728 sed
712 685 753 729 ex
777 685 880 750 aequo
915 661 1057 750 quilibet
1080 657 1282 746 agendorum
1306 662 1410 746 parti·

157 772 234 838 ceps
257 750 337 835 fiat,
383 754 517 838 insuper
540 750 574 816 id
597 772 727 837 quoque
772 751 1010 817 attendendum
1057 763 1117 828 est,
1149 769 1189 812 ne
1223 767 1324 811 causa
1347 743 1410 810 tali

157 837 357 904 Consiliario
380 838 544 918 tradatur,
569 842 625 923 qui
649 839 685 904 in
708 839 820 926 aliqua
844 838 1063 906 correlatione
1077 836 1118 901 ad
1139 841 1250 922 partes
1275 855 1411 898 cansan-

158 937 211 992 tes
233 925 463 1005 constituitur,
502 926 558 1010 qui
590 926 697 992 relate
733 929 775 991 ad
814 927 914 993 talem
960 947 1092 992 causam
1117 925 1157 988 ab
1182 920 1258 986 aliis
1281 940 1411 1007 quoque

157 1012 388 1080 functionibus
411 1018 480 1080 suis
503 1015 737 1080 abstinendum
762 1014 864 1081 habet
888 1014 931 1102 (ᾗ.
957 1013 1044 1098 loo.)
1059 1009 1274 1096 Consiguatis
1298 1015 1411 1074 autem

157 1100 336 1168 Referenti
358 1101 555 1169 Consiliario
579 1102 687 1182 Actis,
730 1101 784 1168 hic
816 1125 909 1169 suam
944 1100 1128 1168 referadam
1173 1097 1411 1163 conscientiose

158 1187 393 1256 elaborandam
423 1188 534 1256 habet.
580 1189 752 1256 Consultis
798 1191 950 1256 omnibus
991 1185 1210 1277 jurisdicendi
1248 1183 1410 1261 fontibus,

158 1275 272 1365 sicque
295 1277 330 1342 in
352 1276 459 1343 Filira
484 1286 623 1343 votante
646 1282 796 1366 apposito
830 1278 946 1344 Titnlo
981 1299 1100 1344 causae
1124 1298 1194 1341 cum
1220 1272 1352 1338 nomine
1376 1280 1412 1335 et

157 1364 351 1452 cognomine
374 1365 519 1453 partium
544 1366 724 1451 genuinum
750 1375 784 1432 et
807 1365 1012 1431 meritorium
1045 1362 1198 1430 Exhibiti
1222 1365 1411 1427 extractum

157 1452 412 1540 praemittendo,
448 1459 563 1518 votum
599 1477 694 1520 suum
719 1453 901 1542 depromat,
938 1453 1026 1541 quod
1048 1450 1235 1541 praecisum
1259 1448 1315 1526 sit,
1339 1445 1412 1512 sine

158 1541 357 1628 repetitione
380 1563 502 1621 eorum,
527 1563 611 1628 quae
634 1544 678 1608 in.
691 1543 873 1630 praemisso
908 1547 1062 1608 extracta
1081 1540 1150 1628 jam
1175 1533 1413 1622 comprehensa

159 1634 248 1694 sunt.
273 1627 444 1711 Quantum
458 1636 568 1696 autem
586 1630 746 1718 temporis
760 1631 899 1696 cuilibet
915 1629 1114 1710 Consiliario
1135 1647 1195 1716 pro
1209 1622 1413 1689 elaboranda

158 1717 222 1782 sibi
247 1717 444 1802 consignata
490 1740 589 1784 causa
635 1717 879 1784 admittendum
911 1720 965 1796 sit,
996 1719 1029 1783 in
1067 1716 1200 1782 delectu
1247 1711 1413 1798 positivae

159 1805 380 1872 ordinationis
424 1805 568 1872 stabiliri
606 1806 738 1893 quidem
784 1807 911 1894 nequit,
946 1804 1127 1892 optandum
1152 1811 1263 1869 tamen
1288 1805 1350 1879 est,
1375 1806 1415 1863 ut

157 1891 305 1958 sedulam
330 1915 459 1981 operam
483 1893 671 1975 adhibeant,
695 1901 736 1961 ut
766 1916 826 1983 pro
857 1893 1026 1961 sententia
1063 1893 1200 1959 ferenda
1245 1888 1336 1952 intra
1360 1886 1412 1950 30.

158 1979 237 2134 dliea,
253 2003 366 2136 bsecus
400 2003 461 2070 pro
492 1981 643 2069 proxima
687 1984 836 2049 sessione
881 1981 1075 2048 Tribunalis
1120 2003 1198 2046 suas
1243 1973 1414 2041 referadas

158 2089 254 2137 enen
277 2076 363 2136 rent.

158 2249 193 2341 ἓ.
224 2247 318 2326 lul.
348 2246 638 2345 continuatio,
667 2248 721 2328 de
748 2247 1019 2329 sessionibus
1047 2240 1302 2325 Tribunalis
1329 2262 1414 2320 ma·

649 2352 926 2434 trimonialis.

262 2493 345 2561 Cum
367 2495 552 2582 jurisstitia
574 2496 681 2564 relate
711 2497 754 2562 ad
789 2519 906 2563 causas
941 2491 1202 2561 matrimoniales
1225 2511 1291 2576 qua
1313 2487 1416 2576 privi-

162 2581 308 2670 legiatae
331 2583 438 2649 locum
463 2606 527 2649 non
561 2582 714 2664 habeant,
762 2586 924 2651 sessiones
948 2606 1008 2672 pro
1033 2577 1269 2666 cognoscendis
1292 2591 1323 2642 et
1345 2599 1418 2664 per·

159 2669 350 2737 tractandis
373 2671 426 2738 his
450 2675 557 2738 causis
580 2694 774 2761 quocunque
798 2695 857 2760 per
881 2671 1069 2739 annumdie
1083 2691 1148 2734 non
1165 2675 1278 2732 tamen
1293 2664 1416 2730 feriato

161 2759 288 2824 servari
313 2764 463 2846 possunt,
488 2783 571 2848 quoa
595 2777 706 2828 tamen
738 2763 887 2849 qualibet
928 2756 1132 2825 hebdomade
1164 2754 1196 2818 in
1222 2759 1338 2840 regula
1363 2751 1416 2816 de-

160 2846 357 2914 terminatos
381 2869 453 2914 ease
477 2855 626 2934 opertet;
672 2855 812 2937 possunt
843 2855 954 2916 tamen
987 2846 1151 2912 sessiones
1186 2864 1247 2928 pro
1272 2839 1418 2926 negotiis

159 2934 423 3022 praegnantibus
446 2935 545 3002 etiam
570 2937 820 3004 extra-seriales
851 2960 911 3025 per
934 2934 1126 3001 Praesidem
1150 2929 1263 2996 indici.
1311 2927 1418 3010 Quae·

161 3021 243 3088 libet
266 3023 371 3088 sessio
395 3031 447 3090 est
470 3046 542 3089 cum
566 3025 779 3094 invocatione
802 3025 951 3112 Spiritus
975 3024 1084 3088 sancti
1110 3017 1298 3086 inchoanda
1321 3019 1417 3102 pleno

160 3131 295 3176 numero
319 3111 545 3178 assidentibus
558 3112 774 3193 consiliarus,
797 3113 925 3178 vinculi
938 3111 1133 3188 Defensore,
1158 3112 1193 3171 et
1217 3103 1417 3181 Secretario,

160 3196 282 3286 inqua
308 3200 464 3286 perlectis
487 3201 599 3268 nefors
623 3202 665 3268 ad
688 3200 850 3268 Tribunal
876 3199 1023 3265 dimissis
1048 3194 1316 3261 ordinationibus
1340 3191 1419 3278 Epi·

159 3286 358 3374 scopalibua,
381 3294 481 3376 atque
504 3287 783 3356 Jurisdictionum
816 3290 1092 3376 superiorumque
1115 3283 1280 3350 Furorum
1304 3278 1421 3344 rescri-

159 3375 226 3460 ptis
250 3382 286 3442 et
309 3375 486 3456 intimatis,
522 3377 713 3445 Consiliarii
743 3376 859 3442 ordine
888 3375 973 3443 senii
999 3399 1039 3441 ex
1063 3373 1149 3438 filira
1177 3375 1317 3434 votante
1341 3387 1419 3432 suas

159 3461 328 3528 releradas
350 3465 535 3550 perlegant,
560 3473 741 3553 provocata
764 3471 877 3531 autem
901 3486 961 3554 per
990 3469 1106 3550 partes
1130 3460 1339 3535 documenta,
1367 3453 1422 3519 vel

158 3569 241 3632 quae
264 3550 404 3618 Praeses
428 3563 487 3618 aut
511 3553 833 3621 alterGonsiliarius
857 3576 918 3640 per
940 3561 1115 3620 extensum
1134 3544 1264 3635 perlegi
1276 3549 1421 3629 optaret,

159 3636 245 3704 alter
267 3637 487 3707 Consiliarins
511 3663 569 3728 per
592 3649 766 3709 extensum
814 3642 982 3729 perlegat.
1031 3634 1199 3706 Referada
1232 3630 1422 3699 consiliarii

158 3725 281 3812 absque
304 3726 558 3796 interlocutione
581 3737 634 3796 est
658 3729 865 3818 excipienda,
894 3736 1035 3817 excepto
1060 3727 1088 3790 si
1113 3731 1173 3790 aut
1197 3722 1339 3787 Praeses
1364 3723 1425 3783 aut

158 3811 376 3882 Consiliarius
403 3816 511 3904 quoad
534 3819 669 3903 aliquod
694 3817 821 3885 factum
861 3818 1000 3886 dubium
1025 3815 1176 3890 baberet,
1201 3808 1311 3895 quoad
1334 3803 1423 3894 quod

156 3899 322 3969 Referena
345 3905 600 3973 interlocutoria
623 3909 766 3996 petitam
803 3905 1079 3975 dilucidationem
1113 3907 1287 3990 praestare
1310 3895 1418 3960 debet.

156 3987 311 4057 Perlecto
333 4001 444 4058 autam
468 4015 525 4080 per
549 3996 767 4063 Referentem
792 4000 881 4076 voto,
919 3995 1044 4060 vinculi
1080 3984 1337 4056 matrimonialis
1359 3983 1424 4049 De·

156 4076 269 4144 fansor
291 4081 451 4170 scriptum
476 4104 572 4148 snum
597 4096 724 4163 votum,
750 4091 784 4149 et
817 4083 852 4150 in
884 4105 996 4150 casum
1023 4080 1148 4146 sicum
1175 4083 1332 4142 extractu
1355 4072 1421 4138 Re-

156 4164 296 4234 ferentis
320 4171 416 4258 plene
440 4174 618 4237 contentus
652 4194 719 4237 non
756 4179 854 4253 esset,
891 4171 1006 4250 etiam,
1031 4169 1201 4255 proprium
1227 4171 1416 4230 extractum

156 4254 326 4408 perlegere
350 4257 458 4338 debet,
484 4267 560 4344 post
583 4258 672 4346 quod
694 4258 835 4326 Praeses
866 4263 1029 4345 provocat
1061 4257 1209 4342 reliquos
1233 4253 1421 4319 assidentes

182 4344 374 4414 cnsiliarios
397 4347 513 4414 ordina
537 4369 601 4436 quo
630 4345 780 4414 assident
804 4347 844 4412 ad
887 4351 965 4410 vota
989 4367 1050 4410 sua
1074 4341 1309 4430 depromenda,
1335 4361 1421 4426 quae

156 4451 214 4518 per
236 4432 407 4521 singulum
448 4443 620 4503 volantem
650 4434 845 4501 motivanda
879 4439 985 4516 sunt;
1021 4431 1161 4520 quodsi
1188 4430 1312 4517 aliquis
1336 4429 1421 4496 Con·

155 4517 358 4591 siliaricrum
381 4526 443 4590 sub
467 4523 614 4591 sessione
638 4531 751 4591 votum
785 4545 881 4588 suum
906 4520 1137 4609 depromptum
1166 4525 1322 4599 mutaret,
1359 4518 1419 4584 boo

156 4612 264 4702 ipsum
288 4612 453 4701 quibusve
484 4635 502 4678 a
534 4613 668 4679 motivis
699 4615 731 4678 in
756 4607 946 4678 Protooollo
984 4610 1140 4676 sessionis
1164 4606 1415 4697 exprimendum

157 4711 218 4782 est,
243 4705 478 4790 praestitisque
502 4725 560 4789 per
593 4722 705 4767 omues
750 4703 986 4766 concernentes
1033 4701 1130 4776 votis,
1156 4697 1297 4764 Praeses
1322 4699 1418 4775 iuxta
