3468 5368
860 431 885 450 ..
926 348 1000 452 li..

416 565 450 648 9)
474 564 698 650 Distinguunt
715 565 836 633 Graeci
859 567 949 632 inter
972 568 1163 635 essentialia
1197 569 1379 650 Ecclesiae,
1416 575 1450 637 et
1482 569 1566 638 acci-

320 649 477 730 dentalia,
502 651 613 738 priora
635 659 716 718 suut
740 652 908 719 Ecclesiae
933 654 1099 740 dogmata,
1123 656 1355 737 immutabilia,
1380 664 1527 738 aeterna,
1548 680 1567 724 a
1591 675 1593 684 ⁴

318 737 562 806 Deo·1·evelata
585 745 621 806 et
657 763 677 806 a
711 739 841 826 Spiritu
875 741 998 808 Sancto
1031 766 1091 830 per
1124 744 1357 830 Magisterium
1395 745 1567 812 Ecclesiae

319 826 519 911 enunciata3
543 827 727 917 posteriora
749 827 1005 896 Ecclesiasticae
1028 832 1264 913 institutionis,
1288 855 1348 919 pro
1373 832 1567 920 majoriani-

318 934 445 980 marum
470 915 638 984 commode
663 913 849 996 mutabilia,
873 917 926 982 uti
949 918 1061 998 Ritus,
1087 926 1121 986 et
1144 919 1373 1008 Disciplina1)

684 1053 718 1144 ξ.
748 1048 815 1131 21.
843 1051 906 1154 De
927 1051 1199 1134 Hierarchia.

413 1172 564 1240 Ecclesia
588 1172 725 1251 Grraeca,
750 1195 791 1238 ex
814 1173 964 1240 Ecclesia
989 1177 1095 1241 adbuc
1119 1177 1293 1244 Catholica
1316 1178 1459 1244 retinuit
1469 1179 1565 1245 Hier-

317 1258 462 1325 archiam
487 1260 620 1326 (livinae
643 1259 879 1340 institutionis,
904 1285 987 1349 quae
1019 1271 1151 1329 constat
1185 1288 1226 1330 ex
1263 1267 1449 1354 Episcopis,
1488 1267 1565 1332 Pre-

317 1345 474 1434 sbyteris,
499 1354 533 1413 et
555 1346 724 1428 Diaconis,
748 1347 1026 1438 inferioribusque
1049 1351 1225 1433 Ministris,
1251 1355 1309 1442 qui
1331 1360 1411 1420 sunt
1427 1353 1565 1424 Subdia-

317 1436 400 1517 ccni,
424 1436 591 1516 Lectores,
615 1435 787 1516 Castores,
813 1435 963 1517 Ostiarii,
988 1440 1127 1519 Aeoliti,
1162 1441 1219 1528 qui
1241 1441 1465 1508 'ordinatione
1503 1465 1564 1530 per

316 1523 518 1611 Episcopum
542 1525 832 1610 constituentem)
856 1527 954 1613 Apex
977 1525 1161 1593 Sacerdotii
1185 1536 1237 1626 est
1277 1529 1466 1618 Episcopus,
1505 1530 1564 1617 qui

317 1703 389 1758 siam
408 1721 464 1758 non
483 1706 600 1767 tantum,
620 1702 669 1755 sed
689 1701 773 1754 etiam
791 1717 875 1754 unam
896 1703 1066 1770 eandemque
1086 1704 1120 1756 ab
1140 1702 1251 1772 Origine
1271 1704 1372 1757 mundi.
1405 1705 1484 1776 (Vide
1503 1708 1565 1762 Pla·

316 1783 372 1832 ton.
392 1776 523 1832 Doctrina
542 1773 696 1828 orthodoxa
716 1774 744 1826 T.
764 1773 795 1824 ll.
816 1774 839 1840 ξ.
852 1772 906 1842 28.)
925 1775 1047 1829 Ecclesia
1067 1792 1183 1843 namque
1203 1775 1320 1829 Russica
1338 1794 1395 1830 non
1414 1778 1448 1833 ab
1458 1779 1566 1848 origine

316 1850 411 1904 mundi
429 1865 486 1902 una
505 1848 657 1914 eademque
678 1849 727 1899 est.
749 1843 815 1911 Quis
835 1861 954 1913 namque
974 1848 1069 1913 nescit,
1089 1848 1196 1903 Russos
1216 1849 1326 1902 saeculo
1345 1849 1412 1904 9-no
1427 1850 1462 1906 ad
1481 1849 1565 1904 fidem
1622 1890 1627 1900 .

222 1958 225 1967 .
317 1920 419 1976 Christi
441 1935 590 1975 conversos
611 1935 672 1972 cum
692 1921 750 1971 tota
769 1916 893 1969 Ecclesia
912 1915 1017 1972 Graeca
1035 1924 1144 1988 partem
1165 1920 1322 1974 Catholicae
1342 1921 1481 1978 Ecclesiae
1500 1940 1565 1978 ron-

315 1994 447 2060 stituirse,
468 1996 550 2059 atque
569 1991 747 2059 postmodum
766 2005 827 2042 cum
847 1987 958 2042 Graecis
979 2006 996 2043 a
1015 2008 1130 2059 corpore
1150 1993 1288 2047 Ecclesiae
1308 1992 1448 2048 abscissos
1469 1994 1564 2062 fuisse,

314 2066 461 2120 etiterum
481 2063 591 2118 saeculo
612 2061 687 2116 16-t0
707 2061 742 2114 ad
761 2061 845 2113 finem
866 2065 998 2128 vergente
1017 2065 1166 2130 magnoin
1203 2068 1282 2135 parte
1319 2065 1354 2117 ad
1392 2062 1565 2120 Catholicam

314 2137 467 2192 Ecclesiam
487 2151 615 2190 reversos
636 2151 706 2198 esse,
726 2135 808 2202 prout
828 2130 956 2187 Clemens
976 2133 1044 2200 Vlll,
1067 2153 1193 2190 summus
1213 2136 1347 2202 Pontifex,
1380 2135 1410 2188 in
1447 2137 1564 2195 Decreto

314 2210 381 2265 ddto
400 2209 442 2262 23.
462 2207 621 2262 Decembris
642 2205 719 2259 1595.
740 2203 839 2270 innuit,
859 2204 968 2258 dicens:
991 2207 1040 2269 ,Et
1059 2225 1094 2261 ne
1113 2212 1236 2263 veterem
1267 2207 1439 2275 antiquitatis
1458 2225 1564 2265 memo-

314 2281 385 2335 riam
403 2285 570 2350 repetamus,
590 2278 743 2332 novissime
762 2277 806 2330 his
827 2277 923 2330 diebus
943 2278 1048 2331 nostris
1068 2280 1173 2334 illustre
1203 2279 1435 2334 reconciliationis
1474 2285 1502 2335 et
1521 2299 1566 2336 re-

313 2353 451 2408 versionis
470 2353 506 2426 ad
526 2349 697 2404 Catholieam
716 2347 868 2404 Ecclesiam
888 2351 1043 2418 exemplum
1064 2352 1170 2407 exstitit
1197 2353 1387 2406 Rutheuorum
1414 2352 1565 2423 Episcopo·

314 2443 393 2479 rum:
413 2426 502 2478 Antea
521 2423 657 2489 siquidem
677 2422 797 2475 Rutheni
817 2420 954 2490 Episcopi,
974 2425 1058 2490 atque
1080 2441 1112 2477 ea
1131 2424 1222 2478 omnis
1243 2423 1356 2493 copiosa
1366 2427 1393 2476 et
1401 2424 1475 2478 clara
1485 2427 1564 2480 natio

313 2515 376 2550 cum
397 2497 525 2551 Romana
543 2495 668 2548 Ecclesia
687 2493 811 2548 omnium
830 2491 1013 2546 Ecclesiarum
1033 2495 1120 2550 Matre
1137 2500 1164 2549 et
1183 2495 1316 2564 Magistra
1334 2511 1389 2548 non
1410 2498 1566 2554 communi·-v

313 2570 402 2636 cahat.
422 2572 450 2622 et
468 2569 623 2620 luctuosum
642 2565 809 2620 Graecorum
829 2564 955 2618 Schisma
975 2568 1156 2633 sequebatur:
1177 2585 1211 2621 ex
1230 2584 1283 2636 quo
1303 2583 1371 2620 sane
1404 2568 1565 2637 schismate,

314 2641 387 2709 quod
406 2640 504 2693 intimo
524 2656 587 2690 eum
607 2637 701 2692 dolore
721 2653 980 2702 commemoramus
1000 2637 1218 2693 innumerabiles
1238 2655 1395 2704 aerumnae,
1434 2643 1461 2693 et
1479 2641 1564 2695 mise·

313 2713 371 2767 riae
391 2713 427 2766 ad
446 2709 651 2765 nobilissimam
670 2709 843 2763 Graecorum
864 2712 973 2778 gentem
994 2712 1135 2777 tamquam
1155 2711 1256 2766 alonte
1276 2711 1394 2779 quodam
1414 2728 1564 2781 promana-

312 2790 383 2840 runt.
403 2785 495 2852 Nuper
515 2798 582 2835 vero
602 2780 776 2836 Venerabilis
798 2781 895 2834 Frater
914 2781 1032 2854 Michael
1052 2783 1300 2852 Archi-Episcopus
1330 2787 1357 2836 et
1381 2785 1560 2854 Metropolita

313 2856 480 2922 Kioviensis,
500 2853 667 2908 Haliciensis
687 2869 719 2906 ac
739 2852 825 2906 totius
844 2852 963 2906 Russiae
984 2857 1010 2906 et
1030 2871 1090 2908 cum
1111 2871 1144 2909 eo
1164 2855 1288 2924 plerique
1308 2855 1368 2924 ejus
1387 2857 1564 2925 comprovin-

312 2930 397 2984 ciales
416 2926 553 2997 Episcopi,
576 2925 671 2978 divina
691 2924 808 2994 Spiritus
828 2925 921 2977 Sancti
942 2926 1001 2978 luce
1021 2943 1115 2981 eorum
1128 2929 1405 2995 cordacollustrant'e,
1413 2933 1566 2998 coeperunt

312 3001 367 3071 ipsi
387 3017 481 3056 secum
501 2998 622 3067 cogitare
643 3000 669 3050 et
689 2997 762 3050 serio
782 3000 909 3061 tractare,
930 3014 969 3061 se,
990 3001 1017 3050 et
1036 3015 1132 3066 greges
1152 3015 1220 3066 quos
1242 3003 1396 3068 pascerent,
1422 3016 1478 3054 non
1498 3017 1564 3056 esse

312 3075 439 3127 membra
457 3070 581 3140 corporis
602 3067 703 3122 Christi
723 3069 795 3136 quod
814 3073 857 3122 est
876 3069 1009 3132 Ecclesia,
1030 3071 1074 3137 qui
1094 3069 1198 3124 visibili
1218 3070 1305 3140 ipsius
1325 3071 1465 3126 Ecclesiae
1476 3072 1560 3142 capiti

226 3188 228 3192 ,
250 3159 251 3166 “
312 3162 421 3200 summo
441 3145 568 3198 Romano
588 3139 714 3195 Pontifici
734 3158 795 3195 non,
809 3142 997 3206 cohaererent,
1019 3147 1046 3195 et
1064 3146 1213 3212 propterea
1232 3142 1385 3211 spiritualis
1423 3143 1498 3198 vitae
1518 3145 1560 3198 in-

312 3218 400 3270 fluxus
420 3232 450 3268 se
470 3233 525 3269 non
544 3230 627 3284 pesse
646 3229 753 3282 capere.
774 3230 865 3280 neque
884 3231 1008 3268 crescere
1028 3215 1056 3268 in
1078 3215 1220 3281 charitate,
1240 3232 1301 3268 cum
1322 3215 1356 3268 ab
1395 3232 1428 3270 eo
1467 3220 1564 3270 essent

312 3288 450 3358 disjuncti,
470 3304 505 3340 ex
526 3303 578 3354 quo
599 3286 749 3339 secundum
770 3287 856 3339 Deum
875 3285 977 3354 pendet
996 3289 1084 3340 totum
1104 3304 1203 3357 corpus
1228 3290 1409 3356 compactum,
1440 3291 1468 3340 et
1497 3305 1563 3343 con-

312 3377 414 3414 nexum
432 3376 482 3428 per
501 3375 612 3414 omnem
629 3357 784 3425 juncturam
823 3358 1088 3414 subministrationis
1127 3360 1156 3412 in
1193 3375 1352 3412 mensuram
1390 3359 1563 3428 operationis

312 3433 525 3500 uniuscujusque
544 3430 675 3487 membri:
697 3429 762 3498 quin
783 3430 867 3484 etiam
888 3447 918 3484 se
939 3430 1068 3485 omnibus
1089 3433 1198 3486 animae
1234 3430 1372 3500 pacientie,
1403 3435 1430 3484 et
1449 3431 1561 3485 insidiis

311 3505 446 3572 Principis
466 3504 650 3556 tenebrarum
662 3505 803 3570 tamquam
823 3503 910 3557 leonis
927 3503 1059 3572 rugientis
1080 3505 1238 3574 propositos
1258 3519 1328 3568 esse,
1350 3502 1476 3570 quiintra
1486 3504 1564 3558 ovile

313 3574 421 3640 Christi,
441 3576 515 3628 intra
534 3591 626 3628 arcam
647 3574 752 3640 salutis,
772 3579 799 3627 et
819 3575 891 3628 intra
909 3575 1027 3630 Domum
1047 3575 1125 3629 illam
1145 3594 1201 3631 non
1222 3577 1323 3640 essent,
1343 3579 1466 3640 quaeest
1487 3577 1564 3630 aedi-

311 3647 393 3702 ficata
412 3665 497 3718 supra
516 3652 631 3716 petram,
652 3661 732 3713 quam
752 3647 866 3700 flumina
885 3652 912 3701 et
931 3647 1007 3702 venti
1027 3647 1163 3702 irruentes
1182 3649 1319 3714 nequeunt
1326 3649 1510 3715 prosternere,
1531 3648 1562 3702 in

272 3740 274 3750 ¹
312 3737 364 3787 qua
383 3721 444 3776 sola
462 3721 545 3773 domo
565 3720 657 3787 Agnus
677 3718 726 3772 ille
746 3719 874 3773 advitae
893 3720 1009 3772 fructum
1025 3721 1186 3784 comeditur,
1196 3719 1239 3786 qui
1250 3717 1323 3772 tollit
1333 3719 1562 3786 peccatamundi.

312 3792 497 3859 Quamobrem
517 3808 566 3860 pro
588 3789 712 3856 consilio,
733 3795 760 3844 et
779 3792 894 3844 salutari
915 3791 1116 3844 deliberatione
1127 3791 1236 3844 interse
1244 3790 1565 3846 statueruntacfirmiter

311 3864 500 3928 decreverunt,
520 3862 609 3916 redire
629 3862 664 3917 ad
683 3879 762 3915 suam
782 3868 809 3916 ct
828 3864 953 3918 omnium
973 3861 1096 3916 fidelium
1106 3863 1223 3916 Matrem
1231 3863 1387 3915 Romanam
1398 3862 1564 3928 Ecclesiam,

312 3936 414 3990 reverti
434 3936 469 3989 ad
487 3935 645 3988 Romanum
664 3933 825 3988 Pontificem
846 3935 947 3990 Christi
966 3935 994 3988 in
1015 3934 1096 3996 terris
1116 3933 1257 4006 vicarium,
1288 3936 1314 3988 et
1339 3933 1424 3988 totius
1462 3935 1561 4004 populi

311 4008 455 4061 christiani
474 4023 648 4061 communem
668 4006 778 4059 Patrem
799 4011 826 4060 et
847 4012 995 4076 pastorem,
1016 4008 1099 4072 longo
1119 4005 1230 4074 quidem
1251 4005 1384 4074 temporis
1410 4005 1564 4061 intervallo

311 4084 375 4148 post
394 4095 482 4134 annos
502 4079 558 4132 fere
578 4082 687 4132 centurn
707 4063 912 4147 quiriquaginta,
933 4084 960 4133 et
980 4078 1109 4147 amplius,
1131 4080 1311 4146 posteaquam
1323 4076 1441 4146 primum
1463 4079 1565 4148 apiae

310 4151 464 4207 memoriae
481 4150 602 4219 Eugenio
621 4151 696 4220 Papa
714 4151 757 4205 IV.
778 4151 806 4203 in
826 4151 953 4206 Generali
974 4149 1095 4204 Concilio
1116 4149 1275 4204 Florentino
1294 4149 1392 4202 Graeci
1411 4151 1514 4220 recepti
1535 4156 1565 4205 et

311 4223 481 4278 reconciliati
500 4221 638 4276 Ecclesiae
658 4223 775 4276 fuerant.

387 4298 404 4365 ¹)
425 4296 531 4361 Platon,
551 4294 680 4348 Doctrina
699 4294 860 4349 Orthodona
879 4297 954 4350 Tom.
975 4296 1008 4350 ll.
1028 4293 1105 4363 §.EC
1127 4291 1307 4349 observatio:
1329 4293 1566 4348 suntinEcclesia

310 4368 391 4422 multi
409 4368 444 4421 ab
463 4366 612 4437 ApostoliS,
634 4372 681 4420 aut
699 4385 795 4422 eorum
815 4369 1022 4423 successorihus
1043 4367 1161 4420 instituti
1181 4364 1262 4418 Ritus
1282 4368 1309 4418 et
1328 4364 1533 4432 observantiae,
1547 4383 1566 4419 a

310 4443 408 4496 saneta
427 4439 588 4507 antiquitate
606 4440 768 4506 custoditae,
789 4457 805 4494 a
825 4441 922 4508 quibus
941 4440 1052 4510 quidem
1072 4440 1147 4494 salus
1186 4438 1259 4490 haud
1297 4437 1375 4490 unice
1412 4437 1562 4507 dependet,

310 4512 392 4566 utiles
412 4516 506 4566 tamen
526 4514 601 4564 sunt.

383 4583 404 4652 ²)
423 4582 584 4638 Orthodoxa
603 4583 746 4638 Confessio
766 4585 837 4638 Part.
859 4583 877 4635 l.
898 4602 938 4651 qu.
959 4585 1019 4639 Ill:
1040 4586 1229 4640 Sacerdotium
1254 4587 1379 4638 caeteros
1410 4598 1509 4636 omnes
1532 4581 1562 4636 in

310 4671 342 4710 se
359 4655 482 4710 continet
500 4656 610 4726 gradus,
630 4655 676 4725 qui
695 4656 781 4710 nihilo
801 4655 890 4710 secius
898 4656 1021 4722 legitimo
1032 4658 1128 4711 ordine
1137 4655 1255 4711 conferri
1265 4656 1386 4710 debent:
1406 4653 1561 4722 utitecror,

311 4725 420 4795 Cantor,
440 4728 649 4798 Lampadarius,
670 4727 869 4796 SubdiaconuS,
889 4727 1035 4798 Diaconos.
