<?xml version="1.0" encoding="UTF-8"?>
<!DOCTYPE html PUBLIC "-//W3C//DTD XHTML 1.0 Transitional//EN"
    "http://www.w3.org/TR/xhtml1/DTD/xhtml1-transitional.dtd">
<html xmlns="http://www.w3.org/1999/xhtml" xml:lang="en" lang="en">
 <head>
  <title>
</title>
<meta http-equiv="Content-Type" content="text/html;charset=utf-8" />
  <meta name='ocr-system' content='tesseract 3.04.00' />
  <meta name='ocr-capabilities' content='ocr_page ocr_carea ocr_par ocr_line ocrx_word'/>
</head>
<body>
  <div class='ocr_page' id='page_1' title='image "./enchiridionjuri00pappgoog_0345.png"; bbox 0 0 3426 5368; ppageno 0'>
   <div class='ocr_carea' id='block_1_1' title="bbox 251 583 1505 848">
    <p class='ocr_par' dir='ltr' id='par_1_1' title="bbox 251 583 1505 848">
     <span class='ocr_line' id='line_1_1' title="bbox 251 583 1505 672; baseline -0.002 -21"><span class='ocrx_word' id='word_1_1' title='bbox 251 585 394 651; x_wconf 89' lang='lat' dir='ltr'>termino</span> <span class='ocrx_word' id='word_1_2' title='bbox 417 583 641 672; x_wconf 80' lang='lat' dir='ltr'>appellatione</span> <span class='ocrx_word' id='word_1_3' title='bbox 664 588 812 651; x_wconf 90' lang='lat' dir='ltr'>recursui</span> <span class='ocrx_word' id='word_1_4' title='bbox 836 586 879 650; x_wconf 89' lang='lat' dir='ltr'>ad</span> <span class='ocrx_word' id='word_1_5' title='bbox 902 585 934 652; x_wconf 86' lang='lat' dir='ltr'>S.</span> <span class='ocrx_word' id='word_1_6' title='bbox 960 586 1076 652; x_wconf 87' lang='lat' dir='ltr'>Sedem</span> <span class='ocrx_word' id='word_1_7' title='bbox 1101 584 1345 671; x_wconf 88' lang='lat' dir='ltr'>Apostolicam·</span> <span class='ocrx_word' id='word_1_8' title='bbox 1363 606 1423 670; x_wconf 93' lang='lat' dir='ltr'>pro</span> <span class='ocrx_word' id='word_1_9' title='bbox 1448 607 1505 670; x_wconf 91' lang='lat' dir='ltr'>ap-</span> 
     </span>
     <span class='ocr_line' id='line_1_2' title="bbox 252 671 1505 761; baseline -0.002 -22"><span class='ocrx_word' id='word_1_10' title='bbox 252 672 445 761; x_wconf 87' lang='lat' dir='ltr'>pellationis</span> <span class='ocrx_word' id='word_1_11' title='bbox 468 674 580 758; x_wconf 88' lang='lat' dir='ltr'>gratia</span> <span class='ocrx_word' id='word_1_12' title='bbox 603 673 810 740; x_wconf 88' lang='lat' dir='ltr'>concedenda</span> <span class='ocrx_word' id='word_1_13' title='bbox 835 673 926 739; x_wconf 90' lang='lat' dir='ltr'>locus</span> <span class='ocrx_word' id='word_1_14' title='bbox 950 679 1011 753; x_wconf 92' lang='lat' dir='ltr'>est,</span> <span class='ocrx_word' id='word_1_15' title='bbox 1036 674 1091 760; x_wconf 92' lang='lat' dir='ltr'>qui</span> <span class='ocrx_word' id='word_1_16' title='bbox 1116 692 1271 738; x_wconf 89' lang='lat' dir='ltr'>recursus</span> <span class='ocrx_word' id='word_1_17' title='bbox 1310 671 1433 757; x_wconf 76' lang='lat' dir='ltr'>iudicio</span> <span class='ocrx_word' id='word_1_18' title='bbox 1456 677 1505 738; x_wconf 90' lang='lat' dir='ltr'>in·</span> 
     </span>
     <span class='ocr_line' id='line_1_3' title="bbox 253 761 1072 848; baseline 0 -22"><span class='ocrx_word' id='word_1_19' title='bbox 253 765 404 826; x_wconf 80' lang='lat' dir='ltr'>sinuatus</span> <span class='ocrx_word' id='word_1_20' title='bbox 428 763 651 826; x_wconf 77' lang='lat' dir='ltr'>executionem</span> <span class='ocrx_word' id='word_1_21' title='bbox 678 765 865 827; x_wconf 89' lang='lat' dir='ltr'>sententiae</span> <span class='ocrx_word' id='word_1_22' title='bbox 888 761 1072 848; x_wconf 76' lang='lat' dir='ltr'>suspendit.</span> 
     </span>
    </p>
   </div>
   <div class='ocr_carea' id='block_1_2' title="bbox 573 937 1214 1041">
    <p class='ocr_par' dir='ltr' id='par_1_2' title="bbox 573 937 1214 1041">
     <span class='ocr_line' id='line_1_4' title="bbox 573 937 1214 1041; baseline 0.003 -25"><span class='ocrx_word' id='word_1_23' title='bbox 573 942 606 1032; x_wconf 65' lang='grc' dir='ltr'>ἓ.</span> <span class='ocrx_word' id='word_1_24' title='bbox 641 937 731 1017; x_wconf 84' lang='grc'><strong>178.</strong></span> <span class='ocrx_word' id='word_1_25' title='bbox 760 938 824 1018; x_wconf 88' lang='lat' dir='ltr'>De</span> <span class='ocrx_word' id='word_1_26' title='bbox 859 938 1214 1041; x_wconf 71' lang='lat' dir='ltr'>appellatione..</span> 
     </span>
    </p>
   </div>
   <div class='ocr_carea' id='block_1_3' title="bbox 250 1078 1508 1961">
    <p class='ocr_par' dir='ltr' id='par_1_3' title="bbox 250 1078 1508 1961">
     <span class='ocr_line' id='line_1_5' title="bbox 348 1078 1505 1171; baseline -0.007 -23"><span class='ocrx_word' id='word_1_27' title='bbox 348 1083 537 1149; x_wconf 85' lang='lat' dir='ltr'>Remedium</span> <span class='ocrx_word' id='word_1_28' title='bbox 561 1095 676 1148; x_wconf 86' lang='lat' dir='ltr'>contra</span> <span class='ocrx_word' id='word_1_29' title='bbox 700 1084 901 1149; x_wconf 89' lang='lat' dir='ltr'>sententiam</span> <span class='ocrx_word' id='word_1_30' title='bbox 926 1089 978 1150; x_wconf 90' lang='lat' dir='ltr'>est</span> <span class='ocrx_word' id='word_1_31' title='bbox 1001 1083 1184 1171; x_wconf 81' lang='lat' dir='ltr'>appellatio</span> <span class='ocrx_word' id='word_1_32' title='bbox 1217 1080 1258 1146; x_wconf 90' lang='lat' dir='ltr'>ad</span> <span class='ocrx_word' id='word_1_33' title='bbox 1280 1078 1424 1166; x_wconf 78' lang='lat' dir='ltr'>¹judicem</span> <span class='ocrx_word' id='word_1_34' title='bbox 1450 1097 1505 1141; x_wconf 94' lang='lat' dir='ltr'>su-</span> 
     </span>
     <span class='ocr_line' id='line_1_6' title="bbox 252 1163 1506 1258; baseline -0.006 -24"><span class='ocrx_word' id='word_1_35' title='bbox 252 1171 436 1258; x_wconf 72' lang='lat' dir='ltr'>pedorem,</span> <span class='ocrx_word' id='word_1_36' title='bbox 461 1194 519 1237; x_wconf 91' lang='lat' dir='ltr'>seu</span> <span class='ocrx_word' id='word_1_37' title='bbox 544 1170 737 1258; x_wconf 88' lang='lat' dir='ltr'>postulatio,</span> <span class='ocrx_word' id='word_1_38' title='bbox 762 1177 801 1235; x_wconf 93' lang='lat' dir='ltr'>ut</span> <span class='ocrx_word' id='word_1_39' title='bbox 826 1172 991 1238; x_wconf 82' lang='lat' dir='ltr'>sententia</span> <span class='ocrx_word' id='word_1_40' title='bbox 1015 1193 1033 1236; x_wconf 89' lang='lat' dir='ltr'>a</span> <span class='ocrx_word' id='word_1_41' title='bbox 1057 1174 1162 1258; x_wconf 89' lang='lat' dir='ltr'>primo</span> <span class='ocrx_word' id='word_1_42' title='bbox 1184 1169 1297 1256; x_wconf 82' lang='lat' dir='ltr'>judice</span> <span class='ocrx_word' id='word_1_43' title='bbox 1344 1166 1414 1230; x_wconf 87' lang='lat' dir='ltr'>lata</span> <span class='ocrx_word' id='word_1_44' title='bbox 1462 1163 1506 1228; x_wconf 90' lang='lat' dir='ltr'>ad</span> 
     </span>
     <span class='ocr_line' id='line_1_7' title="bbox 251 1256 1506 1346; baseline -0.006 -22"><span class='ocrx_word' id='word_1_45' title='bbox 251 1259 399 1346; x_wconf 87' lang='lat' dir='ltr'>proxime</span> <span class='ocrx_word' id='word_1_46' title='bbox 423 1259 624 1345; x_wconf 89' lang='lat' dir='ltr'>superiorem</span> <span class='ocrx_word' id='word_1_47' title='bbox 649 1258 713 1324; x_wconf 89' lang='lat' dir='ltr'>fine</span> <span class='ocrx_word' id='word_1_48' title='bbox 738 1259 912 1324; x_wconf 83' lang='lat' dir='ltr'>revisionis</span> <span class='ocrx_word' id='word_1_49' title='bbox 937 1259 1116 1325; x_wconf 86' lang='lat' dir='ltr'>deferatur.</span> <span class='ocrx_word' id='word_1_50' title='bbox 1161 1256 1343 1344; x_wconf 87' lang='lat' dir='ltr'>Appellare</span> <span class='ocrx_word' id='word_1_51' title='bbox 1389 1259 1506 1340; x_wconf 87' lang='lat' dir='ltr'>potest</span> 
     </span>
     <span class='ocr_line' id='line_1_8' title="bbox 253 1347 1505 1434; baseline -0.007 -22"><span class='ocrx_word' id='word_1_52' title='bbox 253 1351 357 1412; x_wconf 91' lang='lat' dir='ltr'>omnis</span> <span class='ocrx_word' id='word_1_53' title='bbox 382 1369 440 1434; x_wconf 91' lang='lat' dir='ltr'>per</span> <span class='ocrx_word' id='word_1_54' title='bbox 463 1349 663 1413; x_wconf 86' lang='lat' dir='ltr'>sententiam</span> <span class='ocrx_word' id='word_1_55' title='bbox 688 1352 860 1430; x_wconf 88' lang='lat' dir='ltr'>gravatus,</span> <span class='ocrx_word' id='word_1_56' title='bbox 887 1349 947 1412; x_wconf 90' lang='lat' dir='ltr'>nisi</span> <span class='ocrx_word' id='word_1_57' title='bbox 975 1348 1007 1432; x_wconf 78' lang='lat'>1)</span> <span class='ocrx_word' id='word_1_58' title='bbox 1031 1347 1107 1434; x_wconf 91' lang='lat' dir='ltr'>quis</span> <span class='ocrx_word' id='word_1_59' title='bbox 1131 1347 1171 1410; x_wconf 92' lang='lat' dir='ltr'>ob</span> <span class='ocrx_word' id='word_1_60' title='bbox 1195 1367 1308 1410; x_wconf 89' lang='lat' dir='ltr'>veram</span> <span class='ocrx_word' id='word_1_61' title='bbox 1332 1353 1505 1408; x_wconf 85' lang='lat' dir='ltr'>contuma-</span> 
     </span>
     <span class='ocr_line' id='line_1_9' title="bbox 253 1428 1505 1522; baseline -0.007 -22"><span class='ocrx_word' id='word_1_62' title='bbox 253 1438 333 1500; x_wconf 85' lang='lat' dir='ltr'>ciam</span> <span class='ocrx_word' id='word_1_63' title='bbox 358 1435 403 1501; x_wconf 91' lang='lat' dir='ltr'>sit</span> <span class='ocrx_word' id='word_1_64' title='bbox 427 1434 675 1514; x_wconf 89' lang='lat' dir='ltr'>condemnatus,</span> <span class='ocrx_word' id='word_1_65' title='bbox 700 1435 733 1520; x_wconf 74' lang='lat'>⁶2)</span> <span class='ocrx_word' id='word_1_66' title='bbox 758 1435 792 1500; x_wconf 92' lang='lat' dir='ltr'>in</span> <span class='ocrx_word' id='word_1_67' title='bbox 813 1435 937 1521; x_wconf 83' lang='lat' dir='ltr'>judicio</span> <span class='ocrx_word' id='word_1_68' title='bbox 961 1443 1081 1522; x_wconf 90' lang='lat' dir='ltr'>sponte</span> <span class='ocrx_word' id='word_1_69' title='bbox 1104 1433 1284 1511; x_wconf 84' lang='lat' dir='ltr'>confessus,</span> <span class='ocrx_word' id='word_1_70' title='bbox 1311 1438 1370 1495; x_wconf 88' lang='lat' dir='ltr'>ant</span> <span class='ocrx_word' id='word_1_71' title='bbox 1387 1429 1421 1514; x_wconf 87' lang='lat'>3)</span> <span class='ocrx_word' id='word_1_72' title='bbox 1436 1428 1505 1492; x_wconf 89' lang='lat' dir='ltr'>evi-</span> 
     </span>
     <span class='ocr_line' id='line_1_10' title="bbox 253 1515 1507 1609; baseline -0.007 -22"><span class='ocrx_word' id='word_1_73' title='bbox 253 1524 370 1588; x_wconf 87' lang='lat' dir='ltr'>denter</span> <span class='ocrx_word' id='word_1_74' title='bbox 392 1523 575 1602; x_wconf 88' lang='lat' dir='ltr'>convietus,</span> <span class='ocrx_word' id='word_1_75' title='bbox 600 1527 659 1586; x_wconf 89' lang='lat' dir='ltr'>aut</span> <span class='ocrx_word' id='word_1_76' title='bbox 681 1523 719 1598; x_wconf 79' lang='lat'>4)</span> <span class='ocrx_word' id='word_1_77' title='bbox 744 1545 898 1609; x_wconf 89' lang='lat' dir='ltr'>expresse</span> <span class='ocrx_word' id='word_1_78' title='bbox 921 1526 948 1588; x_wconf 91' lang='lat' dir='ltr'>si</span> <span class='ocrx_word' id='word_1_79' title='bbox 974 1525 1159 1588; x_wconf 88' lang='lat' dir='ltr'>sententiae</span> <span class='ocrx_word' id='word_1_80' title='bbox 1204 1521 1404 1607; x_wconf 80' lang='lat' dir='ltr'>acquiescat,</span> <span class='ocrx_word' id='word_1_81' title='bbox 1450 1515 1507 1580; x_wconf 90' lang='lat' dir='ltr'>vel</span> 
     </span>
     <span class='ocr_line' id='line_1_11' title="bbox 250 1604 1507 1698; baseline -0.006 -23"><span class='ocrx_word' id='word_1_82' title='bbox 250 1614 363 1689; x_wconf 82' lang='lat' dir='ltr'>tacite,</span> <span class='ocrx_word' id='word_1_83' title='bbox 388 1615 413 1674; x_wconf 91' lang='lat' dir='ltr'>si</span> <span class='ocrx_word' id='word_1_84' title='bbox 439 1611 529 1676; x_wconf 88' lang='lat' dir='ltr'>intra</span> <span class='ocrx_word' id='word_1_85' title='bbox 554 1611 664 1676; x_wconf 89' lang='lat' dir='ltr'>decem</span> <span class='ocrx_word' id='word_1_86' title='bbox 688 1610 758 1676; x_wconf 89' lang='lat' dir='ltr'>dies</span> <span class='ocrx_word' id='word_1_87' title='bbox 781 1611 1038 1698; x_wconf 87' lang='lat' dir='ltr'>appellationem</span> <span class='ocrx_word' id='word_1_88' title='bbox 1062 1633 1128 1675; x_wconf 93' lang='lat' dir='ltr'>non</span> <span class='ocrx_word' id='word_1_89' title='bbox 1152 1608 1309 1686; x_wconf 86' lang='lat' dir='ltr'>insinuet,</span> <span class='ocrx_word' id='word_1_90' title='bbox 1355 1604 1507 1692; x_wconf 89' lang='lat' dir='ltr'>appella·</span> 
     </span>
     <span class='ocr_line' id='line_1_12' title="bbox 252 1691 1508 1782; baseline -0.005 -20"><span class='ocrx_word' id='word_1_91' title='bbox 252 1699 336 1762; x_wconf 91' lang='lat' dir='ltr'>tioni</span> <span class='ocrx_word' id='word_1_92' title='bbox 361 1699 615 1765; x_wconf 85' lang='lat' dir='ltr'>renunciaverit.</span> <span class='ocrx_word' id='word_1_93' title='bbox 642 1698 795 1764; x_wconf 84' lang='lat' dir='ltr'>Ceterum</span> <span class='ocrx_word' id='word_1_94' title='bbox 819 1699 919 1764; x_wconf 90' lang='lat' dir='ltr'>etiam</span> <span class='ocrx_word' id='word_1_95' title='bbox 954 1699 988 1763; x_wconf 92' lang='lat' dir='ltr'>in</span> <span class='ocrx_word' id='word_1_96' title='bbox 1012 1699 1153 1776; x_wconf 86' lang='lat' dir='ltr'>casibus,</span> <span class='ocrx_word' id='word_1_97' title='bbox 1188 1695 1264 1761; x_wconf 92' lang='lat' dir='ltr'>dum</span> <span class='ocrx_word' id='word_1_98' title='bbox 1310 1696 1383 1782; x_wconf 92' lang='lat' dir='ltr'>quis</span> <span class='ocrx_word' id='word_1_99' title='bbox 1427 1691 1508 1779; x_wconf 89' lang='lat' dir='ltr'>jure</span> 
     </span>
     <span class='ocr_line' id='line_1_13' title="bbox 253 1783 1507 1872; baseline -0.004 -23"><span class='ocrx_word' id='word_1_100' title='bbox 253 1785 442 1872; x_wconf 87' lang='lat' dir='ltr'>appellandi</span> <span class='ocrx_word' id='word_1_101' title='bbox 468 1786 676 1864; x_wconf 84' lang='lat' dir='ltr'>destituitur,</span> <span class='ocrx_word' id='word_1_102' title='bbox 701 1786 850 1852; x_wconf 85' lang='lat' dir='ltr'>recursui</span> <span class='ocrx_word' id='word_1_103' title='bbox 870 1786 912 1851; x_wconf 88' lang='lat' dir='ltr'>ad</span> <span class='ocrx_word' id='word_1_104' title='bbox 936 1786 968 1851; x_wconf 83' lang='lat' dir='ltr'>S.</span> <span class='ocrx_word' id='word_1_105' title='bbox 1003 1785 1118 1852; x_wconf 88' lang='lat' dir='ltr'>Sedem</span> <span class='ocrx_word' id='word_1_106' title='bbox 1165 1783 1395 1870; x_wconf 86' lang='lat' dir='ltr'>Apostolicam</span> <span class='ocrx_word' id='word_1_107' title='bbox 1445 1801 1507 1867; x_wconf 90' lang='lat' dir='ltr'>pro</span> 
     </span>
     <span class='ocr_line' id='line_1_14' title="bbox 252 1871 1506 1961; baseline -0.002 -25"><span class='ocrx_word' id='word_1_108' title='bbox 252 1875 363 1959; x_wconf 85' lang='lat' dir='ltr'>gratia</span> <span class='ocrx_word' id='word_1_109' title='bbox 387 1874 630 1961; x_wconf 78' lang='lat' dir='ltr'>appellationis,</span> <span class='ocrx_word' id='word_1_110' title='bbox 656 1881 692 1939; x_wconf 91' lang='lat' dir='ltr'>ut</span> <span class='ocrx_word' id='word_1_111' title='bbox 716 1875 819 1960; x_wconf 82' lang='lat' dir='ltr'>priori</span> <span class='ocrx_word' id='word_1_112' title='bbox 845 1895 973 1961; x_wconf 89' lang='lat' dir='ltr'>quoque</span> <span class='ocrx_word' id='word_1_113' title='bbox 997 1875 1024 1958; x_wconf 68' lang='grc' dir='ltr'>ξ.</span> <span class='ocrx_word' id='word_1_114' title='bbox 1049 1874 1211 1937; x_wconf 89' lang='lat' dir='ltr'>monitum</span> <span class='ocrx_word' id='word_1_115' title='bbox 1235 1876 1296 1950; x_wconf 71' lang='lat' dir='ltr'>est,</span> <span class='ocrx_word' id='word_1_116' title='bbox 1323 1871 1415 1935; x_wconf 89' lang='lat' dir='ltr'>locus</span> <span class='ocrx_word' id='word_1_117' title='bbox 1441 1876 1506 1934; x_wconf 78' lang='lat' dir='ltr'>est.</span> 
     </span>
    </p>
   </div>
   <div class='ocr_carea' id='block_1_4' title="bbox 503 2049 1245 2154">
    <p class='ocr_par' dir='ltr' id='par_1_4' title="bbox 503 2049 1245 2154">
     <span class='ocr_line' id='line_1_15' title="bbox 503 2049 1245 2154; baseline -0.018 -20"><span class='ocrx_word' id='word_1_118' title='bbox 503 2055 537 2147; x_wconf 67' lang='grc' dir='ltr'>ξ.</span> <span class='ocrx_word' id='word_1_119' title='bbox 572 2051 662 2132; x_wconf 82' lang='grc'><strong>179.</strong></span> <span class='ocrx_word' id='word_1_120' title='bbox 692 2050 882 2132; x_wconf 82' lang='lat' dir='ltr'>Effectus</span> <span class='ocrx_word' id='word_1_121' title='bbox 910 2049 1245 2154; x_wconf 89' lang='lat' dir='ltr'>Appellationis.</span> 
     </span>
    </p>
   </div>
   <div class='ocr_carea' id='block_1_5' title="bbox 251 2193 1508 2808">
    <p class='ocr_par' dir='ltr' id='par_1_5' title="bbox 251 2193 1508 2808">
     <span class='ocr_line' id='line_1_16' title="bbox 348 2193 1506 2284; baseline -0.008 -22"><span class='ocrx_word' id='word_1_122' title='bbox 348 2197 499 2263; x_wconf 85' lang='lat' dir='ltr'>Effectus</span> <span class='ocrx_word' id='word_1_123' title='bbox 523 2197 757 2284; x_wconf 86' lang='lat' dir='ltr'>appellationis</span> <span class='ocrx_word' id='word_1_124' title='bbox 781 2202 875 2263; x_wconf 89' lang='lat' dir='ltr'>sunt:</span> <span class='ocrx_word' id='word_1_125' title='bbox 902 2195 935 2284; x_wconf 83' lang='lat'>1)</span> <span class='ocrx_word' id='word_1_126' title='bbox 961 2196 1153 2262; x_wconf 85' lang='lat' dir='ltr'>Sententiae</span> <span class='ocrx_word' id='word_1_127' title='bbox 1177 2193 1327 2262; x_wconf 89' lang='lat' dir='ltr'>executio</span> <span class='ocrx_word' id='word_1_128' title='bbox 1363 2212 1506 2277; x_wconf 90' lang='lat' dir='ltr'>suspen-</span> 
     </span>
     <span class='ocr_line' id='line_1_17' title="bbox 253 2277 1508 2372; baseline -0.006 -24"><span class='ocrx_word' id='word_1_129' title='bbox 253 2284 351 2364; x_wconf 88' lang='lat' dir='ltr'>ditur,</span> <span class='ocrx_word' id='word_1_130' title='bbox 377 2289 524 2372; x_wconf 86' lang='lat' dir='ltr'>exceptis</span> <span class='ocrx_word' id='word_1_131' title='bbox 548 2285 724 2350; x_wconf 86' lang='lat' dir='ltr'>sententiis</span> <span class='ocrx_word' id='word_1_132' title='bbox 749 2285 790 2349; x_wconf 92' lang='lat' dir='ltr'>ad</span> <span class='ocrx_word' id='word_1_133' title='bbox 815 2284 1051 2350; x_wconf 86' lang='lat' dir='ltr'>correctionem</span> <span class='ocrx_word' id='word_1_134' title='bbox 1078 2291 1249 2370; x_wconf 87' lang='lat' dir='ltr'>paternam</span> <span class='ocrx_word' id='word_1_135' title='bbox 1272 2289 1307 2348; x_wconf 94' lang='lat' dir='ltr'>et</span> <span class='ocrx_word' id='word_1_136' title='bbox 1353 2277 1508 2364; x_wconf 87' lang='lat' dir='ltr'>discipli·</span> 
     </span>
     <span class='ocr_line' id='line_1_18' title="bbox 252 2367 1508 2460; baseline -0.004 -24"><span class='ocrx_word' id='word_1_137' title='bbox 252 2395 362 2436; x_wconf 88' lang='lat' dir='ltr'>narem</span> <span class='ocrx_word' id='word_1_138' title='bbox 388 2396 448 2460; x_wconf 91' lang='lat' dir='ltr'>per</span> <span class='ocrx_word' id='word_1_139' title='bbox 470 2373 669 2460; x_wconf 83' lang='lat' dir='ltr'>Episcopum</span> <span class='ocrx_word' id='word_1_140' title='bbox 695 2373 729 2437; x_wconf 91' lang='lat' dir='ltr'>in</span> <span class='ocrx_word' id='word_1_141' title='bbox 753 2372 945 2438; x_wconf 88' lang='lat' dir='ltr'>visitatione</span> <span class='ocrx_word' id='word_1_142' title='bbox 976 2376 1132 2438; x_wconf 87' lang='lat' dir='ltr'>canonica</span> <span class='ocrx_word' id='word_1_143' title='bbox 1157 2371 1244 2437; x_wconf 87' lang='lat' dir='ltr'>latis.</span> <span class='ocrx_word' id='word_1_144' title='bbox 1292 2368 1326 2456; x_wconf 77' lang='lat'>2)</span> <span class='ocrx_word' id='word_1_145' title='bbox 1373 2367 1508 2433; x_wconf 83' lang='lat' dir='ltr'>Causae</span> 
     </span>
     <span class='ocr_line' id='line_1_19' title="bbox 253 2451 1508 2548; baseline -0.005 -24"><span class='ocrx_word' id='word_1_146' title='bbox 253 2461 358 2525; x_wconf 88' lang='lat' dir='ltr'>totius</span> <span class='ocrx_word' id='word_1_147' title='bbox 382 2461 530 2547; x_wconf 84' lang='lat' dir='ltr'>cognitio</span> <span class='ocrx_word' id='word_1_148' title='bbox 554 2470 587 2525; x_wconf 91' lang='lat' dir='ltr'>et</span> <span class='ocrx_word' id='word_1_149' title='bbox 612 2460 733 2525; x_wconf 81' lang='lat' dir='ltr'>‹lecisio</span> <span class='ocrx_word' id='word_1_150' title='bbox 758 2462 798 2526; x_wconf 88' lang='lat' dir='ltr'>ad</span> <span class='ocrx_word' id='word_1_151' title='bbox 824 2460 1024 2548; x_wconf 90' lang='lat' dir='ltr'>superiorem</span> <span class='ocrx_word' id='word_1_152' title='bbox 1044 2459 1187 2546; x_wconf 77' lang='lat' dir='ltr'>judicem</span> <span class='ocrx_word' id='word_1_153' title='bbox 1223 2455 1426 2534; x_wconf 86' lang='lat' dir='ltr'>devolvitur,</span> <span class='ocrx_word' id='word_1_154' title='bbox 1454 2451 1508 2520; x_wconf 63' lang='lat' dir='ltr'>c‘o·</span> 
     </span>
     <span class='ocr_line' id='line_1_20' title="bbox 251 2543 1508 2636; baseline -0.005 -24"><span class='ocrx_word' id='word_1_155' title='bbox 251 2570 320 2612; x_wconf 92' lang='lat' dir='ltr'>ram</span> <span class='ocrx_word' id='word_1_156' title='bbox 346 2572 410 2636; x_wconf 92' lang='lat' dir='ltr'>quo</span> <span class='ocrx_word' id='word_1_157' title='bbox 435 2550 584 2635; x_wconf 88' lang='lat' dir='ltr'>neglecta</span> <span class='ocrx_word' id='word_1_158' title='bbox 608 2550 642 2613; x_wconf 91' lang='lat' dir='ltr'>in</span> <span class='ocrx_word' id='word_1_159' title='bbox 667 2549 772 2636; x_wconf 90' lang='lat' dir='ltr'>primo</span> <span class='ocrx_word' id='word_1_160' title='bbox 798 2549 916 2630; x_wconf 79' lang='lat' dir='ltr'>indicio</span> <span class='ocrx_word' id='word_1_161' title='bbox 940 2547 1096 2635; x_wconf 89' lang='lat' dir='ltr'>suppleri,</span> <span class='ocrx_word' id='word_1_162' title='bbox 1123 2546 1264 2612; x_wconf 90' lang='lat' dir='ltr'>nondum</span> <span class='ocrx_word' id='word_1_163' title='bbox 1278 2543 1508 2632; x_wconf 87' lang='lat' dir='ltr'>probatapro-</span> 
     </span>
     <span class='ocr_line' id='line_1_21' title="bbox 251 2630 1506 2724; baseline -0.007 -22"><span class='ocrx_word' id='word_1_164' title='bbox 251 2637 322 2702; x_wconf 91' lang='lat' dir='ltr'>bari</span> <span class='ocrx_word' id='word_1_165' title='bbox 343 2644 495 2724; x_wconf 89' lang='lat' dir='ltr'>possunt,</span> <span class='ocrx_word' id='word_1_166' title='bbox 520 2659 604 2702; x_wconf 86' lang='lat' dir='ltr'>nova</span> <span class='ocrx_word' id='word_1_167' title='bbox 629 2646 738 2702; x_wconf 92' lang='lat' dir='ltr'>tamen</span> <span class='ocrx_word' id='word_1_168' title='bbox 763 2658 822 2723; x_wconf 90' lang='lat' dir='ltr'>per</span> <span class='ocrx_word' id='word_1_169' title='bbox 846 2643 950 2704; x_wconf 87' lang='lat' dir='ltr'>testes</span> <span class='ocrx_word' id='word_1_170' title='bbox 973 2636 1127 2723; x_wconf 90' lang='lat' dir='ltr'>probatio</span> <span class='ocrx_word' id='word_1_171' title='bbox 1151 2657 1250 2722; x_wconf 90' lang='lat' dir='ltr'>super</span> <span class='ocrx_word' id='word_1_172' title='bbox 1273 2631 1398 2710; x_wconf 88' lang='lat' dir='ltr'>iisdem,</span> <span class='ocrx_word' id='word_1_173' title='bbox 1448 2630 1506 2695; x_wconf 87' lang='lat' dir='ltr'>vel</span> 
     </span>
     <span class='ocr_line' id='line_1_22' title="bbox 252 2723 1113 2808; baseline -0.002 -18"><span class='ocrx_word' id='word_1_174' title='bbox 252 2726 427 2790; x_wconf 86' lang='lat' dir='ltr'>contrariis</span> <span class='ocrx_word' id='word_1_175' title='bbox 452 2726 603 2791; x_wconf 86' lang='lat' dir='ltr'>articulis</span> <span class='ocrx_word' id='word_1_176' title='bbox 627 2725 667 2791; x_wconf 91' lang='lat' dir='ltr'>de</span> <span class='ocrx_word' id='word_1_177' title='bbox 690 2724 807 2808; x_wconf 87' lang='lat' dir='ltr'>regula</span> <span class='ocrx_word' id='word_1_178' title='bbox 831 2747 895 2790; x_wconf 89' lang='lat' dir='ltr'>non</span> <span class='ocrx_word' id='word_1_179' title='bbox 912 2723 1113 2790; x_wconf 89' lang='lat' dir='ltr'>admittitur.</span> 
     </span>
    </p>
   </div>
   <div class='ocr_carea' id='block_1_6' title="bbox 454 2897 1297 2998">
    <p class='ocr_par' dir='ltr' id='par_1_6' title="bbox 454 2897 1297 2998">
     <span class='ocr_line' id='line_1_23' title="bbox 454 2897 1297 2998; baseline -0.005 -18"><span class='ocrx_word' id='word_1_180' title='bbox 454 2905 488 2998; x_wconf 65' lang='grc' dir='ltr'>ἓ.</span> <span class='ocrx_word' id='word_1_181' title='bbox 526 2901 613 2982; x_wconf 83' lang='grc'><strong>180.</strong></span> <span class='ocrx_word' id='word_1_182' title='bbox 641 2901 705 2982; x_wconf 87' lang='lat' dir='ltr'>De</span> <span class='ocrx_word' id='word_1_183' title='bbox 734 2902 992 2982; x_wconf 87' lang='lat' dir='ltr'>executione</span> <span class='ocrx_word' id='word_1_184' title='bbox 1031 2897 1297 2981; x_wconf 82' lang='lat' dir='ltr'>Sententiae.</span> 
     </span>
    </p>
   </div>
   <div class='ocr_carea' id='block_1_7' title="bbox 250 3021 1506 4082">
    <p class='ocr_par' dir='ltr' id='par_1_7' title="bbox 250 3021 1506 4082">
     <span class='ocr_line' id='line_1_24' title="bbox 338 3021 1503 3112; baseline -0.005 -22"><span class='ocrx_word' id='word_1_185' title='bbox 338 3025 490 3092; x_wconf 84' lang='lat' dir='ltr'>Ecclesia</span> <span class='ocrx_word' id='word_1_186' title='bbox 513 3025 639 3110; x_wconf 89' lang='lat' dir='ltr'>gaudet</span> <span class='ocrx_word' id='word_1_187' title='bbox 663 3029 830 3112; x_wconf 88' lang='lat' dir='ltr'>potestate</span> <span class='ocrx_word' id='word_1_188' title='bbox 851 3024 1065 3110; x_wconf 80' lang='lat' dir='ltr'>legislatoris,</span> <span class='ocrx_word' id='word_1_189' title='bbox 1091 3030 1125 3088; x_wconf 89' lang='lat' dir='ltr'>et</span> <span class='ocrx_word' id='word_1_190' title='bbox 1147 3021 1333 3108; x_wconf 83' lang='lat' dir='ltr'>judiciaria,</span> <span class='ocrx_word' id='word_1_191' title='bbox 1357 3041 1438 3104; x_wconf 90' lang='lat' dir='ltr'>ergo</span> <span class='ocrx_word' id='word_1_192' title='bbox 1465 3027 1503 3084; x_wconf 88' lang='lat' dir='ltr'>et</span> 
     </span>
     <span class='ocr_line' id='line_1_25' title="bbox 252 3105 1504 3200; baseline -0.006 -22"><span class='ocrx_word' id='word_1_193' title='bbox 252 3117 425 3179; x_wconf 88' lang='lat' dir='ltr'>executiva</span> <span class='ocrx_word' id='word_1_194' title='bbox 448 3114 593 3198; x_wconf 89' lang='lat' dir='ltr'>gaudere</span> <span class='ocrx_word' id='word_1_195' title='bbox 618 3113 725 3193; x_wconf 87' lang='lat' dir='ltr'>debet,</span> <span class='ocrx_word' id='word_1_196' title='bbox 750 3134 808 3178; x_wconf 88' lang='lat' dir='ltr'>seu</span> <span class='ocrx_word' id='word_1_197' title='bbox 831 3118 1000 3200; x_wconf 91' lang='lat' dir='ltr'>potestate</span> <span class='ocrx_word' id='word_1_198' title='bbox 1025 3111 1163 3197; x_wconf 85' lang='lat' dir='ltr'>cogendi</span> <span class='ocrx_word' id='word_1_199' title='bbox 1188 3110 1230 3175; x_wconf 91' lang='lat' dir='ltr'>ad</span> <span class='ocrx_word' id='word_1_200' title='bbox 1254 3105 1504 3191; x_wconf 87' lang='lat' dir='ltr'>obsequendum</span> 
     </span>
     <span class='ocr_line' id='line_1_26' title="bbox 252 3195 1505 3287; baseline -0.005 -23"><span class='ocrx_word' id='word_1_201' title='bbox 252 3202 417 3267; x_wconf 92' lang='lat' dir='ltr'>mandatis</span> <span class='ocrx_word' id='word_1_202' title='bbox 441 3200 520 3281; x_wconf 88' lang='lat' dir='ltr'>suis,</span> <span class='ocrx_word' id='word_1_203' title='bbox 545 3209 579 3267; x_wconf 90' lang='lat' dir='ltr'>et</span> <span class='ocrx_word' id='word_1_204' title='bbox 604 3201 644 3264; x_wconf 87' lang='lat' dir='ltr'>ad</span> <span class='ocrx_word' id='word_1_205' title='bbox 670 3201 906 3287; x_wconf 87' lang='lat' dir='ltr'>praestandum</span> <span class='ocrx_word' id='word_1_206' title='bbox 931 3223 968 3266; x_wconf 91' lang='lat' dir='ltr'>ea</span> <span class='ocrx_word' id='word_1_207' title='bbox 992 3200 1112 3283; x_wconf 88' lang='lat' dir='ltr'>quibus</span> <span class='ocrx_word' id='word_1_208' title='bbox 1158 3221 1199 3262; x_wconf 92' lang='lat' dir='ltr'>ex</span> <span class='ocrx_word' id='word_1_209' title='bbox 1234 3195 1401 3261; x_wconf 90' lang='lat' dir='ltr'>sententia</span> <span class='ocrx_word' id='word_1_210' title='bbox 1426 3217 1505 3281; x_wconf 91' lang='lat' dir='ltr'>pro·</span> 
     </span>
     <span class='ocr_line' id='line_1_27' title="bbox 250 3281 1506 3376; baseline -0.006 -22"><span class='ocrx_word' id='word_1_211' title='bbox 250 3293 406 3356; x_wconf 77' lang='lat' dir='ltr'>niinciata</span> <span class='ocrx_word' id='word_1_212' title='bbox 430 3290 505 3376; x_wconf 88' lang='lat' dir='ltr'>quis</span> <span class='ocrx_word' id='word_1_213' title='bbox 529 3290 697 3374; x_wconf 82' lang='lat' dir='ltr'>obligatus</span> <span class='ocrx_word' id='word_1_214' title='bbox 718 3296 779 3354; x_wconf 90' lang='lat' dir='ltr'>est.</span> <span class='ocrx_word' id='word_1_215' title='bbox 804 3290 978 3374; x_wconf 91' lang='lat' dir='ltr'>Proprium</span> <span class='ocrx_word' id='word_1_216' title='bbox 1002 3285 1131 3374; x_wconf 89' lang='lat' dir='ltr'>quidem</span> <span class='ocrx_word' id='word_1_217' title='bbox 1157 3285 1326 3351; x_wconf 86' lang='lat' dir='ltr'>Ecclesiae</span> <span class='ocrx_word' id='word_1_218' title='bbox 1361 3281 1506 3367; x_wconf 89' lang='lat' dir='ltr'>cogendi</span> 
     </span>
     <span class='ocr_line' id='line_1_28' title="bbox 251 3369 1505 3462; baseline -0.006 -20"><span class='ocrx_word' id='word_1_219' title='bbox 251 3377 392 3442; x_wconf 90' lang='lat' dir='ltr'>medium</span> <span class='ocrx_word' id='word_1_220' title='bbox 418 3381 597 3442; x_wconf 87' lang='lat' dir='ltr'>intentatio</span> <span class='ocrx_word' id='word_1_221' title='bbox 622 3377 969 3442; x_wconf 86' lang='lat' dir='ltr'>excommunicationis</span> <span class='ocrx_word' id='word_1_222' title='bbox 995 3383 1067 3459; x_wconf 78' lang='lat' dir='ltr'>est3</span> <span class='ocrx_word' id='word_1_223' title='bbox 1093 3377 1147 3462; x_wconf 88' lang='lat' dir='ltr'>qui</span> <span class='ocrx_word' id='word_1_224' title='bbox 1182 3370 1367 3438; x_wconf 90' lang='lat' dir='ltr'>Ecclesiam</span> <span class='ocrx_word' id='word_1_225' title='bbox 1413 3369 1505 3435; x_wconf 89' lang='lat' dir='ltr'>enim</span> 
     </span>
     <span class='ocr_line' id='line_1_29' title="bbox 252 3458 1503 3546; baseline -0.006 -17"><span class='ocrx_word' id='word_1_226' title='bbox 252 3489 316 3530; x_wconf 89' lang='lat' dir='ltr'>non</span> <span class='ocrx_word' id='word_1_227' title='bbox 341 3467 491 3546; x_wconf 89' lang='lat' dir='ltr'>audierit,</span> <span class='ocrx_word' id='word_1_228' title='bbox 516 3465 545 3529; x_wconf 92' lang='lat' dir='ltr'>ei</span> <span class='ocrx_word' id='word_1_229' title='bbox 571 3489 633 3530; x_wconf 91' lang='lat' dir='ltr'>non</span> <span class='ocrx_word' id='word_1_230' title='bbox 659 3466 829 3542; x_wconf 88' lang='lat' dir='ltr'>obedierit,</span> <span class='ocrx_word' id='word_1_231' title='bbox 854 3467 899 3528; x_wconf 91' lang='lat' dir='ltr'>sit</span> <span class='ocrx_word' id='word_1_232' title='bbox 923 3465 985 3528; x_wconf 85' lang='lat' dir='ltr'>tibi</span> <span class='ocrx_word' id='word_1_233' title='bbox 1008 3465 1094 3527; x_wconf 87' lang='lat' dir='ltr'>sicot</span> <span class='ocrx_word' id='word_1_234' title='bbox 1118 3461 1270 3526; x_wconf 91' lang='lat' dir='ltr'>ethnicus</span> <span class='ocrx_word' id='word_1_235' title='bbox 1294 3465 1328 3525; x_wconf 92' lang='lat' dir='ltr'>et</span> <span class='ocrx_word' id='word_1_236' title='bbox 1351 3458 1503 3546; x_wconf 90' lang='lat' dir='ltr'>publica·</span> 
     </span>
     <span class='ocr_line' id='line_1_30' title="bbox 252 3545 1505 3640; baseline -0.005 -23"><span class='ocrx_word' id='word_1_237' title='bbox 252 3575 323 3617; x_wconf 88' lang='lat' dir='ltr'>nus.</span> <span class='ocrx_word' id='word_1_238' title='bbox 359 3553 466 3640; x_wconf 84' lang='lat' dir='ltr'>Supra</span> <span class='ocrx_word' id='word_1_239' title='bbox 490 3553 576 3636; x_wconf 87' lang='lat' dir='ltr'>qnod</span> <span class='ocrx_word' id='word_1_240' title='bbox 598 3553 740 3618; x_wconf 91' lang='lat' dir='ltr'>medium</span> <span class='ocrx_word' id='word_1_241' title='bbox 764 3560 874 3617; x_wconf 89' lang='lat' dir='ltr'>tamen</span> <span class='ocrx_word' id='word_1_242' title='bbox 898 3552 1005 3617; x_wconf 88' lang='lat' dir='ltr'>adhuc</span> <span class='ocrx_word' id='word_1_243' title='bbox 1029 3553 1138 3615; x_wconf 88' lang='lat' dir='ltr'>utitur</span> <span class='ocrx_word' id='word_1_244' title='bbox 1161 3548 1311 3614; x_wconf 90' lang='lat' dir='ltr'>Ecclesia</span> <span class='ocrx_word' id='word_1_245' title='bbox 1356 3545 1398 3612; x_wconf 89' lang='lat' dir='ltr'>ad</span> <span class='ocrx_word' id='word_1_246' title='bbox 1422 3568 1505 3611; x_wconf 88' lang='lat' dir='ltr'>suas</span> 
     </span>
     <span class='ocr_line' id='line_1_31' title="bbox 251 3635 1505 3707; baseline -0.006 -1"><span class='ocrx_word' id='word_1_247' title='bbox 251 3642 436 3707; x_wconf 87' lang='lat' dir='ltr'>sententias</span> <span class='ocrx_word' id='word_1_248' title='bbox 460 3641 647 3706; x_wconf 88' lang='lat' dir='ltr'>executioni</span> <span class='ocrx_word' id='word_1_249' title='bbox 671 3639 877 3706; x_wconf 87' lang='lat' dir='ltr'>mandandas</span> <span class='ocrx_word' id='word_1_250' title='bbox 910 3643 964 3705; x_wconf 77' lang='lat' dir='ltr'>etia</span> <span class='ocrx_word' id='word_1_251' title='bbox 979 3663 1009 3702; x_wconf 93' lang='lat' dir='ltr'>m</span> <span class='ocrx_word' id='word_1_252' title='bbox 1034 3637 1242 3703; x_wconf 89' lang='lat' dir='ltr'>invocatione</span> <span class='ocrx_word' id='word_1_253' title='bbox 1288 3635 1505 3699; x_wconf 86' lang='lat' dir='ltr'>assistentiae</span> 
     </span>
     <span class='ocr_line' id='line_1_32' title="bbox 252 3722 1505 3816; baseline -0.008 -21"><span class='ocrx_word' id='word_1_254' title='bbox 252 3737 286 3795; x_wconf 91' lang='lat' dir='ltr'>et</span> <span class='ocrx_word' id='word_1_255' title='bbox 311 3730 436 3795; x_wconf 87' lang='lat' dir='ltr'>brachii</span> <span class='ocrx_word' id='word_1_256' title='bbox 461 3729 649 3807; x_wconf 89' lang='lat' dir='ltr'>saecularis,</span> <span class='ocrx_word' id='word_1_257' title='bbox 675 3752 758 3816; x_wconf 87' lang='lat' dir='ltr'>quae</span> <span class='ocrx_word' id='word_1_258' title='bbox 783 3751 840 3816; x_wconf 92' lang='lat' dir='ltr'>per</span> <span class='ocrx_word' id='word_1_259' title='bbox 864 3735 1065 3814; x_wconf 83' lang='lat' dir='ltr'>potestatem</span> <span class='ocrx_word' id='word_1_260' title='bbox 1091 3724 1220 3791; x_wconf 88' lang='lat' dir='ltr'>civilem</span> <span class='ocrx_word' id='word_1_261' title='bbox 1244 3722 1417 3808; x_wconf 88' lang='lat' dir='ltr'>recognita</span> <span class='ocrx_word' id='word_1_262' title='bbox 1452 3744 1505 3786; x_wconf 88' lang='lat' dir='ltr'>se-</span> 
     </span>
     <span class='ocr_line' id='line_1_33' title="bbox 253 3809 1503 3900; baseline -0.005 -20"><span class='ocrx_word' id='word_1_263' title='bbox 253 3818 314 3896; x_wconf 79' lang='lat' dir='ltr'>mel</span> <span class='ocrx_word' id='word_1_264' title='bbox 343 3818 509 3884; x_wconf 88' lang='lat' dir='ltr'>Ecclesiae</span> <span class='ocrx_word' id='word_1_265' title='bbox 530 3817 698 3900; x_wconf 85' lang='lat' dir='ltr'>judicandi</span> <span class='ocrx_word' id='word_1_266' title='bbox 725 3817 916 3882; x_wconf 89' lang='lat' dir='ltr'>autonomia</span> <span class='ocrx_word' id='word_1_267' title='bbox 939 3817 1044 3880; x_wconf 90' lang='lat' dir='ltr'>relate</span> <span class='ocrx_word' id='word_1_268' title='bbox 1074 3812 1116 3878; x_wconf 90' lang='lat' dir='ltr'>ad</span> <span class='ocrx_word' id='word_1_269' title='bbox 1140 3813 1292 3878; x_wconf 87' lang='lat' dir='ltr'>subditos</span> <span class='ocrx_word' id='word_1_270' title='bbox 1337 3809 1503 3891; x_wconf 90' lang='lat' dir='ltr'>civitatis,</span> 
     </span>
     <span class='ocr_line' id='line_1_34' title="bbox 252 3897 1505 3994; baseline -0.008 -23"><span class='ocrx_word' id='word_1_271' title='bbox 252 3909 304 3994; x_wconf 91' lang='lat' dir='ltr'>qui</span> <span class='ocrx_word' id='word_1_272' title='bbox 330 3908 475 3970; x_wconf 88' lang='lat' dir='ltr'>membra</span> <span class='ocrx_word' id='word_1_273' title='bbox 500 3905 667 3971; x_wconf 85' lang='lat' dir='ltr'>Ecclesiae</span> <span class='ocrx_word' id='word_1_274' title='bbox 692 3911 780 3985; x_wconf 91' lang='lat' dir='ltr'>sunt,</span> <span class='ocrx_word' id='word_1_275' title='bbox 806 3926 971 3991; x_wconf 89' lang='lat' dir='ltr'>nunquam</span> <span class='ocrx_word' id='word_1_276' title='bbox 995 3902 1160 3984; x_wconf 82' lang='lat' dir='ltr'>denegare</span> <span class='ocrx_word' id='word_1_277' title='bbox 1179 3906 1301 3988; x_wconf 90' lang='lat' dir='ltr'>potest,</span> <span class='ocrx_word' id='word_1_278' title='bbox 1326 3898 1360 3963; x_wconf 92' lang='lat' dir='ltr'>ni</span> <span class='ocrx_word' id='word_1_279' title='bbox 1373 3897 1407 3962; x_wconf 93' lang='lat' dir='ltr'>in</span> <span class='ocrx_word' id='word_1_280' title='bbox 1426 3919 1505 3986; x_wconf 95' lang='lat' dir='ltr'>pro-</span> 
     </span>
     <span class='ocr_line' id='line_1_35' title="bbox 252 3989 1430 4082; baseline -0.008 -23"><span class='ocrx_word' id='word_1_281' title='bbox 252 3995 358 4082; x_wconf 92' lang='lat' dir='ltr'>prium</span> <span class='ocrx_word' id='word_1_282' title='bbox 385 4017 479 4060; x_wconf 90' lang='lat' dir='ltr'>suum</span> <span class='ocrx_word' id='word_1_283' title='bbox 503 3992 612 4072; x_wconf 92' lang='lat' dir='ltr'>finem,</span> <span class='ocrx_word' id='word_1_284' title='bbox 636 3993 692 4081; x_wconf 90' lang='lat' dir='ltr'>qui</span> <span class='ocrx_word' id='word_1_285' title='bbox 718 4015 775 4080; x_wconf 90' lang='lat' dir='ltr'>per</span> <span class='ocrx_word' id='word_1_286' title='bbox 797 3991 982 4058; x_wconf 86' lang='lat' dir='ltr'>Ecclesiam</span> <span class='ocrx_word' id='word_1_287' title='bbox 1007 3997 1230 4077; x_wconf 84' lang='lat' dir='ltr'>promovetur,</span> <span class='ocrx_word' id='word_1_288' title='bbox 1255 3989 1430 4074; x_wconf 87' lang='lat' dir='ltr'>impingat.</span> 
     </span>
    </p>
   </div>
   <div class='ocr_carea' id='block_1_8' title="bbox 0 0 1718 5368">
    <p class='ocr_par' dir='ltr' id='par_1_8' title="bbox 0 0 1718 5368">
     <span class='ocr_line' id='line_1_36' title="bbox 0 0 1718 5368; baseline 0 0"><span class='ocrx_word' id='word_1_289' title='bbox 0 0 1718 5368; x_wconf 95' lang='lat' dir='ltr'> </span> 
     </span>
    </p>
   </div>
  </div>
 </body>
</html>
