3426 5368
659 401 662 408 ·
784 475 789 480 ,
827 377 981 480 ...111-

248 596 350 685 15ρ11,
374 603 434 663 051
457 596 626 677 benevole,
650 597 684 662 in
708 601 918 686 separatione
941 598 1128 686 temporali,
1142 597 1207 664 imo
1221 598 1321 664 etiam
1336 603 1505 687 perpetua

248 709 290 753 ex
312 684 421 773 capite
445 684 613 766 adulterii,
638 687 665 750 si
690 685 785 752 modo
824 708 902 774 pars
935 709 991 752 rea
1028 685 1504 772 ve1·eseemendaverit;ad

248 795 344 862 quam
369 773 545 860 conjugum
570 772 872 841 reconciliationem
886 774 979 842 nulla
1003 795 1085 862 opus
1109 779 1160 840 est
1184 776 1354 841 sententia
1371 773 1504 862 judicis,

247 861 306 928 sed
329 861 416 949 apud
440 883 513 928 eum
537 861 767 927 tantummodo
791 862 861 930 litis
893 863 1087 950 compositio
1124 861 1323 928 declaranda
1347 869 1408 934 est.
1435 863 1504 930 Sed

247 949 500 1036 redintegratur
542 950 790 1015 matrimonium
835 952 936 1017 etiam
968 973 1027 1039 per
1061 949 1263 1016 sententiam
1306 950 1442 1038 judicis,
1468 959 1506 1018 et

247 1037 377 1122 quidem
402 1037 435 1124 1)
482 1037 515 1103 Si
555 1037 674 1123 conjnx
708 1039 748 1102 ob
787 1040 990 1106 adulterium
1023 1039 1064 1104 ab
1089 1038 1195 1105 altero
1228 1046 1403 1128 separatus
1430 1039 1505 1126 ipse

248 1127 455 1212 postmodum
478 1125 511 1190 in
537 1126 736 1199 adulterium
764 1126 896 1194 labatur
916 1128 1016 1212 juxta
1040 1127 1208 1193 decretum
1224 1126 1410 1212 Alexandri
1434 1127 1502 1194 HI.

246 1214 423 1282 Pontificis
455 1213 494 1280 de
526 1215 625 1280 Anno
650 1213 744 1280 1175.
792 1215 870 1304 Cap.
908 1215 950 1282 V.
985 1215 1036 1282 De
1068 1215 1234 1296 divortiis,
1259 1216 1353 1302 cujus
1377 1216 1504 1283 titulus

248 1309 321 1370 est:
373 1302 638 1384 ,Matrimonium
664 1308 839 1390 separatur
884 1309 1020 1392 propter
1043 1303 1246 1369 adulterium
1269 1304 1440 1370 mulieris:
1466 1311 1504 1370 et

247 1393 276 1459 si
299 1392 350 1458 vir
372 1397 489 1476 postea
512 1390 706 1469 fornicetur,
730 1391 1011 1478 10111510310151.1
1050 1391 1155 1478 Cujus
1179 1391 1305 1459 decreti
1330 1392 1503 1460 conclusio

247 1485 317 1546 est:
345 1478 460 1561 ,Unde
497 1477 723 1544 Fraternitati
757 1484 837 1546 tuae
867 1480 1069 1560 mandamus,
1116 1485 1291 1567 quatenus,
1326 1484 1353 1546 si
1373 1502 1428 1546 res
1451 1481 1506 1547 ita

246 1567 410 1656 processit
434 1567 508 1652 (seu
532 1569 583 1631 vir
605 1574 683 1653 post
707 1569 951 1654 separationem
975 1568 1015 1633 ob
1040 1567 1242 1634 adulterium
1267 1569 1379 1635 uxoris
1400 1569 1506 1634 forni-

247 1663 342 1722 catus
365 1656 442 1741 est)
466 1659 699 1740 praetaxatum
723 1660 832 1722 virum
856 1656 898 1722 ad
920 1655 1105 1742 legitimam
1125 1678 1260 1722 uxorem
1283 1656 1392 1722 redire
1417 1679 1506 1723 com-

246 1743 381 1832 pellas}
409 1745 443 1829 2)
466 1744 554 1809 Dum
579 1737 802 1829 separationis
837 1751 1071 1831 temporaneae
1117 1749 1268 1811 cessante
1294 1744 1367 1831 ejus
1390 1767 1505 1824 causa,

246 1833 343 1918 vigor
365 1837 482 1898 cessat.
529 1831 848 1898 Reconciliationum
881 1855 976 1899 casus
1015 1833 1226 1899 concernenti
1256 1832 1382 1920 judicio
1406 1833 1507 1901 civili

247 1919 442 1986 notificandi
466 1923 555 2000 sunt,
579 1925 618 1984 ut
641 1918 751 2005 proles
780 1927 855 2005 post
889 1920 1194 1988 reconciliationem
1228 1926 1406 2008 generatae
1442 1943 1506 2010 pro

247 2007 407 2096 legitimis
452 2013 742 2094 recognoscantur,
791 2012 893 2093 atque
939 2011 1159 2095 competentia
1191 2009 1269 2093 jura
1307 2008 1422 2076 civilia
1458 2011 1507 2076 iis

247 2101 409 2164 constent.
1101 2107 1105 2116 '

479 2277 513 2369 ἓ.
542 2269 637 2353 244.
666 2274 729 2354 De
759 2275 874 2356 taxis
903 2275 1265 2378 processualibus.

342 2444 453 2508 Taxae
484 2441 711 2530 processuales
746 2444 845 2508 etiam
880 2447 912 2508 in
948 2445 1029 2510 foris
1049 2443 1284 2530 spiritualibus
1309 2466 1371 2508 usu
1396 2443 1507 2510 intro-

247 2532 366 2598 ductae
389 2537 478 2610 sunt,
503 2533 534 2595 in
560 2536 721 2614 quantum
756 2532 920 2598 suscitata
956 2535 1107 2612 Actione,
1143 2534 1249 2598 Actor
1283 2531 1508 2617 singulariter

247 2620 348 2686 etiem
394 2640 610 2706 expensarum
655 2619 857 2686 refusionem
881 2625 994 2708 petere
1029 2619 1123 2700 solet,
1148 2642 1230 2708 quas
1252 2621 1506 2708 praeliminaria

246 2731 324 2797 pars
349 2713 482 2774 actores
505 2707 582 2788 fert,
619 2728 699 2792 erga
731 2707 879 2774 futuram
926 2709 1264 2796 recompensationem
1288 2730 1347 2796 per
1370 2715 1506 2796 partem

247 2794 513 2863 convincendam.
537 2794 578 2860 Iu
601 2795 744 2881 Imperio
779 2795 960 2863 Austriaco
1006 2803 1105 2862 taxae
1138 2797 1368 2884 processuales
1392 2797 1505 2862 relate

245 2885 287 2950 ad
312 2907 428 2950 causas
457 2883 718 2947 matrimoniales
756 2884 923 2950 altissima
957 2884 1162 2951 resolutione
1195 2907 1348 2950 caesarea
1383 2885 1424 2950 de
1450 2885 1504 2951 19.

245 2975 395 3058 Augusti
420 2971 514 3037 1857.
552 2971 680 3036 virtute
715 2970 838 3037 decreti
870 2972 1031 3040 Caesareo
1049 2973 1147 3058 Regii
1183 2973 1365 3038 Ministerii
1389 2973 1506 3039 cultus

246 3060 286 3126 de
310 3060 361 3128 31.
387 3057 542 3126 Octobris
566 3057 660 3124 1857.
687 3058 782 3144 (Nro.
806 3061 879 3128 216.
905 3061 946 3128 R.
971 3061 1011 3129 G.
1039 3061 1103 3148 Bl.)
1135 3061 1319 3148 provisoris
1343 3060 1507 3128 definitae

246 3154 334 3216 suut.
358 3148 406 3214 Et
438 3146 591 3236 quidem:
670 3188 672 3194 «

342 3237 374 3324 1)
398 3237 463 3303 Pro
485 3235 675 3304 recursibus
699 3235 776 3300 aliis
800 3237 954 3302 exhibitis
988 3242 1133 3324 partium
1158 3236 1368 3323 litigantium
1392 3239 1412 3302 6
1436 3238 1504 3304 xri.

245 3326 279 3414 2)
304 3325 369 3391 Ρ1ο
393 3349 458 3393 uno
481 3323 666 3413 protocollo
711 3331 882 3411 assumpto
917 3325 958 3390 ad
996 3325 1177 3392 eruendum
1202 3329 1250 3390 rei
1275 3331 1401 3390 statum
1427 3325 1504 3392 loco

245 3414 390 3502 scriptae
414 3412 594 3502 petitionis,
618 3415 697 3476 item
733 3413 895 3478 examinis
926 3414 1064 3480 testium
1089 3421 1122 3477 et
1145 3412 1390 3501 reiperitorum,
1415 3411 1503 3479 item

245 3503 496 3589 consignatione
520 3499 727 3584 singulorum
752 3504 901 3566 actorum
925 3524 944 3566 a
968 3502 1102 3587 singula
1126 3501 1214 3566 filine
1238 3501 1258 3566 6
1282 3501 1345 3566 xri.
1371 3500 1405 3586 3)
1431 3501 1505 3568 Pro

244 3591 386 3677 simplici
411 3590 503 3678 copia
527 3587 670 3672 alicujus
694 3587 794 3652 frusti
835 3596 983 3655 actorum
1009 3590 1050 3655 15
1073 3593 1144 3669 xri,
1179 3594 1271 3674 (taxa
1296 3589 1412 3654 timbri
1437 3611 1504 3676 pro

245 3677 459 3743 vidimatione
482 3699 502 3742 a
525 3675 659 3760 singula
682 3674 769 3742 filine
802 3676 851 3743 1³.
876 3679 927 3743 xri
952 3678 1191 3766 dependenda.)
1237 3678 1270 3762 4)
1296 3677 1361 3742 Pro
1387 3675 1504 3743 edicto

244 3766 315 3832 sine
338 3766 519 3831 reflexione
549 3763 592 3829 ad
616 3786 786 3830 numerum
831 3766 1096 3854 publicationem
1136 3771 1272 3852 praeter
1295 3773 1409 3831 texam
1433 3767 1500 3832 sub

243 3855 323 3922 Nro.
349 3853 400 3920 1·o
425 3854 444 3918 8
467 3874 601 3918 xrorum
624 3874 683 3937 pro
707 3853 840 3938 singula
869 3855 958 3918 lilira
986 3859 1011 3920 l.
1037 3854 1134 3918 finus.
1180 3854 1213 3938 5)
1237 3854 1304 3919 Pro
1328 3854 1505 3920 sententia

244 3942 497 4008 interlocutoria
542 3940 668 4026 primae
713 3940 895 4008 instantiae
928 3943 955 4007 1.
980 3942 1077 4007 fluns.
1123 3945 1155 4028 e)
1180 3942 1245 4007 Pro
1271 3939 1440 4006 sententia
1464 3941 1503 4008 in

244 4033 361 4096 merito
385 4051 502 4096 causae
526 4030 560 4093 in
584 4028 734 4112 qualibet
765 4031 927 4097 instantia
961 4031 991 4095 5.
1017 4030 1086 4095 flni.
1112 4031 1145 4113 7)
1168 4030 1234 4094 Pro
1259 4028 1425 4095 decisione
1450 4051 1504 4096 re·

245 4141 361 4184 cursus
384 4140 450 4183 non
474 4122 589 4183 contra
615 4117 820 4183 meritoriam
843 4121 1041 4186 sententiam
1056 4118 1206 4198 exhibiti,
1223 4123 1358 4205 praeter
1382 4123 1503 4184 taxam

243 4206 575 4273 051111101012.
602 4205 738 4272 391111.
785 4209 819 4293 8)
854 4207 919 4273 Pro
954 4207 1195 4274 retractatione
1241 4204 1430 4271 sententiae
1457 4207 1500 4272 ob

244 4295 485 4360 contumaciam
519 4301 578 4359 aut
613 4315 672 4382 pro
707 4297 876 4361 sententia
908 4296 979 4362 loco
1011 4295 1082 4382 ejus
1116 4293 1252 4360 ferenda
1287 4293 1382 4368 nulla
1405 4297 1502 4360 taxa.

245 4381 506 4462 Observandum,
531 4381 617 4470 quod
642 4391 719 4448 taxa
744 4383 857 4448 timbri
889 4388 922 4448 in
953 4383 1163 4471 processibus
1195 4380 1502 4449 matrimonialibus

243 4471 372 4537 virtute
395 4470 612 4558 exemptionis
636 4493 654 4531 a
680 4471 752 4553 lege
788 4472 900 4538 timbri
937 4473 1110 4537 altissimis
1144 4470 1376 4558 potentalibus
1400 4467 1441 4534 (10
1466 4471 1500 4537 9.

243 4558 341 4625 Febr.
366 4559 453 4624 012.
478 4560 566 4644 Aug.
594 4558 687 4624 1850.
714 4558 770 4647 (R.
795 4559 835 4626 G.
860 4561 911 4625 Bl.
936 4560 1016 4627 Nro.
1042 4561 1094 4625 50.
1108 4559 1244 4644 01329.)
1259 4580 1323 4624 non
1338 4558 1502 4644 obtineat,

244 4651 388 4734 exceptis
426 4646 611 4727 attestatis,
647 4647 803 4714 officiosis
849 4649 960 4733 copiis,
994 4655 1027 4715 et
1061 4649 1276 4714 Documentis
1322 4667 1406 4734 quae
1430 4645 1502 4733 legi

245 4735 360 4802 timbri
395 4734 496 4802 etiam
531 4734 564 4800 in
605 4735 813 4822 processibus
860 4736 1158 4804 matrimonialibus
1203 4737 1354 4815 subsunt,
1392 4757 1503 4821 quern-
