3426 5368
823 388 1028 494 Q

300 609 355 676 vel
377 607 561 693 utriusque.
587 607 750 695 (Antoine
773 631 848 697 pag.
872 609 962 697 368.)
996 610 1187 678 Incurritur
1216 615 1329 678 autem
1375 611 1551 699 suspensio

301 697 373 800 ipso
396 697 486 785 jure:
512 695 545 782 1)
569 694 636 780 Qui
660 696 791 765 ordines
814 719 926 764 sacros
949 699 1117 789 recipiunt
1140 699 1248 768 veleb
1264 698 1550 852 alicnoflpaeopo

300 805 372 852 s1nc
396 784 599 865 dimissoriis,
625 784 675 850 vel
701 807 719 850 a
742 789 875 888 proprio
897 785 932 852 in
953 787 1062 854 aliena
1087 787 1238 869 dioecesi,
1262 787 1316 854 vel
1341 808 1402 853 oon
1430 791 1484 854 cto
1507 786 1550 854 ti·

300 873 382 954 tulo,
407 872 461 938 vel
483 894 544 962 per
566 873 699 952 saltum,
723 873 778 940 vel
800 897 836 938 rn
860 896 1000 942 censura
1023 876 1163 965 (sxcpm.
1209 876 1304 964 min.)
1351 873 1405 942 vel
1453 879 1549 942 extra

300 967 448 1050 ternpore
468 983 491 1063 a
511 960 588 1049 jure
611 965 749 1064 statuto⁸
768 961 854 1049 (sine
878 963 1054 1068 facultate)
1078 964 1131 1030 vel
1154 963 1226 1032 sine
1261 964 1412 1066 legitima
1437 968 1549 1066 aetate

300 1048 1549 1228 111111111111111111111111111111111131111

298 1227 389 1293 inter
411 1225 612 1291 ordinandos
635 1225 852 1312 irrepserunt,
865 1234 926 1294 aut
938 1228 1041 1294 alium
1064 1232 1116 1295 sui
1139 1230 1211 1296 loco
1234 1229 1451 1296 substituunt
1475 1249 1548 1294 exa·

299 1313 379 1380 mini
402 1313 495 1400 (Can.
519 1313 549 1378 9.
574 1313 652 1380 Oon.
677 1311 817 1380 Nicaeni
841 1313 883 1394 I.)
908 1315 941 1382 hi
966 1337 1078 1384 omnes
1101 1317 1254 1404 suspensi
1276 1321 1358 1383 sunt
1380 1315 1423 1382 ab
1461 1336 1547 1382 exer·

300 1402 380 1470 citio
404 1400 573 1486 ordinum3
598 1408 631 1466 et
655 1401 683 1467 si
707 1402 854 1468 ordinem
879 1411 1056 1470 exerceant
1079 1405 1165 1470 fiunt
1190 1405 1405 1488 irregulares.

395 1491 429 1574 2)
453 1488 518 1571 Qui
541 1489 654 1556 eodem
678 1489 732 1556 die
756 1490 838 1556 duos
861 1513 973 1558 sacros
997 1492 1129 1560 ordines
1161 1494 1216 1578 (ab
1252 1491 1404 1560 Ecclesia
1440 1490 1548 1580 prohi-

299 1578 388 1646 bitos
411 1577 525 1644 eodem
549 1577 603 1644 die
625 1581 759 1666 suscipi)
783 1578 980 1667 suscipiunt.

396 1666 429 1751 3)
453 1664 638 1732 Simoniace
661 1665 819 1734 ordinans
844 1674 878 1734 et
901 1666 1086 1736 ordinatus.
1475 1712 1496 1726 „

394 1754 430 1842 4)
453 1753 624 1821 Parochus
648 1755 700 1820 vel
724 1754 809 1822 alius
833 1755 993 1822 Sacerdos
1027 1756 1173 1842 jungens
1219 1775 1357 1843 sponsos
1404 1752 1547 1821 alterius

298 1842 475 1932 parochiae
498 1841 571 1908 siue
593 1841 726 1908 illorum
750 1843 887 1931 parochi
909 1843 1054 1913 licentia.
1067 1843 1231 1929 (Trident.
1243 1843 1330 1910 Sese.
1344 1841 1397 1908 24.
1410 1842 1491 1932 Gap.
1504 1843 1547 1929 1.)

395 1931 430 2018 b)
455 1930 663 2083 Ocleupantes
686 1931 781 2012 bona,
808 1932 858 1999 vel
882 1951 1001 2000 census
1023 1931 1204 2014 Ecclesiae,
1229 1931 1378 2000 beneficii
1412 1932 1468 1999 vel
1502 1932 1547 1998 al·

299 2019 406 2086 terius
450 2018 474 2083 ii
513 2017 573 2085 oei.

394 2041 642 2194 ofsimoniaci,
666 2106 847 2174 sodomiam
870 2112 1072 2187 exercentes,
1095 2105 1372 2195 provocantesad
1389 2105 1546 2191 duellum,

299 2194 351 2261 vel
377 2199 589 2284 acceptantes
617 2199 679 2262 etc.
1344 2223 1348 2231 ·

395 2284 429 2370 7)
452 2283 639 2369 Apostatae
661 2283 702 2350 ab
727 2281 851 2350 Ordine
874 2283 1040 2371 religioso,
1065 2280 1241 2373 praecipue
1265 2281 1354 2348 siin
1377 2285 1548 2374 apostasia

298 2372 464 2458 recipiunt
487 2369 637 2438 Ordines.

397 2464 493 2527 Nota.
517 2458 673 2547 Episcopi
697 2481 738 2526 ex
761 2458 939 2546 privilegio
964 2461 1039 2526 hnic
1062 2459 1270 2546 suspensioni
1302 2480 1366 2526 nou
1391 2461 1546 2544 subsunt,

299 2548 361 2614 nisi
385 2569 498 2614 eorum
522 2550 554 2612 in
578 2547 711 2614 Oanone
735 2569 888 2635 expressa
914 2548 1038 2616 mentio
1062 2546 1132 2612 fiat.
1157 2545 1286 2633 (Innoc.
1311 2546 1372 2615 IV.
1420 2549 1546 2618 Concil.

298 2635 454 2723 Lugdun.
479 2635 514 2702 O.
538 2636 569 2702 4.
594 2633 635 2701 ds
658 2641 743 2704 sent.
768 2656 922 2703 excomm.
947 2637 982 2702 in
1006 2635 1084 2720 6-0.)
1150 2635 1153 2642 ’

394 2724 546 2791 Effectus
569 2723 798 2813 suspensionis
820 2729 924 2792 sunt:
950 2725 985 2812 1)
1009 2723 1197 2814 Suspensus
1221 2723 1262 2790 ab
1287 2722 1399 2791 officio
1445 2727 1547 2792 etiam

300 2812 450 2880 occultus
474 2817 590 2900 peccat
613 2813 812 2893 mortaliter,
837 2813 865 2878 si
890 2818 1045 2882 exerceat
1067 2816 1178 2878 actum
1201 2810 1274 2878 sive
1311 2809 1440 2880 ordinis
1474 2812 1548 2880 sive

295 2900 786 3076 {assiluimus
809 2900 1068 3056 uelitisne
1100 2898 1279 3056 sessis
1297 2900 1548 3056 luctanti

298 3011 364 3143 nob
389 3076 573 3166 pendentes
596 3083 675 3144 sunt
698 3076 825 3163 validi;
850 3077 929 3164 quia
953 3077 1102 3144 Ecclesia
1123 3099 1189 3144 non
1212 3012 1325 3165 potesd
1347 3075 1468 3144 tollere
1491 3099 1547 3167 po·

298 3171 456 3234 testatem
480 3165 616 3247 ordinis,
641 3165 699 3234 sed
722 3165 828 3233 solum
853 3165 924 3252 ejus
937 3165 1132 3234 exercitium
1144 3164 1329 3254 prohibere.
1342 3165 1451 3232 Actus
1467 3185 1547 3235 vero

295 3253 539 3341 jurisdictionis
562 3261 642 3321 sunt
665 3254 817 3336 invalidi,
841 3254 870 3320 si
895 3276 1076 3343 suspensus
1113 3253 1160 3321 sit
1192 3254 1385 3320 nominatim
1424 3253 1548 3322 denun-

298 3341 416 3422 ciatus,
441 3343 520 3430 quia
543 3343 700 3431 privatur
722 3342 850 3410 actuali
869 3341 1122 3430 jurisdictione:
1158 3341 1215 3409 sed
1251 3340 1357 3407 validi
1391 3348 1482 3423 sunt,
1518 3341 1548 3409 si

298 3431 433 3498 nonsit
457 3430 675 3498 denunciatus
699 3430 774 3516 (sed
797 3438 929 3498 tantum
953 3452 1133 3519 suspensus
1177 3429 1217 3496 de
1255 3430 1389 3498 Oenone
1421 3430 1548 3516 absque

298 3518 478 3602 sententia)
504 3542 543 3586 ex
567 3520 701 3586 constit.
726 3518 865 3588 Martini
896 3518 937 3586 V.
966 3519 1039 3600 ,Ad
1062 3517 1286 3586 evitandum.‘

393 3607 427 3692 2)
451 3607 638 3696 Suspensus
662 3607 780 3675 illicite
803 3607 996 3676 beneficium
1019 3629 1142 3675 novum
1164 3609 1336 3696 reciperet,
1361 3609 1396 3673 et
1419 3604 1450 3672 ei
1474 3627 1548 3672 con·

297 3695 453 3776 ferretur,
478 3717 563 3783 quae
586 3695 723 3763 collatio
746 3703 799 3762 est
822 3694 941 3763 saltem
964 3693 1130 3763 irritanda
1153 3705 1206 3780 (ex
1230 3717 1299 3784 cap.
1324 3694 1365 3762 ds
1381 3698 1548 3782 consuet.)

298 3783 385 3872 quia,
409 3783 467 3868 qui
489 3784 644 3872 privatus
667 3788 719 3850 est
742 3784 854 3869 aliquo
888 3791 965 3854 actu
990 3784 1044 3852 vei
1067 3805 1211 3864 munere,
1236 3791 1288 3852 est
1311 3781 1412 3850 etiam
1431 3782 1548 3937 priva·

297 3879 353 3940 tus
377 3871 589 3960 susceptione
611 3894 733 3954 eorum,
754 3894 838 3961 quae
862 3872 905 3939 ad
927 3873 1029 3940 talem
1053 3878 1165 3940 ectum
1188 3872 1243 3940 vel
1260 3893 1378 3939 munus
1392 3893 1429 3938 or
1454 3870 1549 3938 inan·

297 3966 363 4027 tur.
388 3959 477 4042 Sive,
502 3960 590 4049 quod
611 3960 699 4028 idem
723 3969 785 4042 est,
810 3961 863 4028 cui
886 3960 1085 4048 prohibetur
1106 3967 1203 4027 actus
1228 3960 1282 4028 vel
1320 3981 1441 4028 munus
1487 3959 1549 4026 ali·

297 4047 395 4204 qupd
420 4050 455 4203 eit
471 4070 601 4224 quoppre
623 4047 844 4210 prpitiibdentpp
867 4070 915 4154 ea,
939 4069 1024 4137 quac
1047 4049 1089 4226 api
1113 4047 1215 4116 talem
1229 4054 1342 4117 actum
1355 4047 1410 4116 vel
1425 4070 1549 4117 munus

298 4159 335 4205 or
359 4156 437 4203 inan
456 4159 506 4203 ur.
574 4160 711 4205 a.u.
759 4160 777 4205 e
843 4159 917 4204 eric.
942 4159 1065 4204 excom.

393 4225 427 4328 d)
450 4161 638 4314 Suspenabs
661 4226 702 4292 fit
725 4226 930 4314 irregularis,
954 4225 983 4292 si
1007 4231 1158 4295 exerceat
1194 4225 1384 4294 functiones
1409 4222 1549 4292 Ordinis

320 4335 356 4379 ro
381 4335 459 4380 rias.

296 4337 319 4402 p
359 4337 580 4490 pSuspensus
604 4423 623 4468 a
647 4402 814 4484 beneficio,
838 4400 880 4467 ad
904 4401 1034 4470 fructus
1058 4401 1201 4470 durante
1235 4398 1452 4490 suspensione
1475 4421 1550 4489 per·

298 4494 412 4579 ceptus
436 4491 706 4578 incompetenter,
730 4490 958 4557 restituendos
981 4490 1159 4578 cogendus.

397 4580 437 4661 C)
457 4577 690 4659 Interdictum,
714 4601 779 4682 quo
802 4578 1000 4668 prohibetur
1022 4577 1206 4646 officiorum
1231 4577 1418 4645 divinorum
1464 4575 1551 4645 cele-

297 4665 409 4821 bratilp
431 4665 574 4754 publica,
599 4670 633 4733 et
656 4667 795 4749 auditio,
820 4668 982 4756 quaedam
1005 4675 1223 4748 sacramenta,
1248 4671 1283 4735 et
1321 4663 1550 4734 ecclesiastica

298 4773 378 4841 sepu
411 4775 481 4822 ura.
958 4775 960 4778 ·
