3464 5366
848 465 910 532 roo
972 565 979 570 q

256 687 431 758 Pontificis
455 687 598 755 Romani
622 709 641 752 a
663 709 793 776 pagano
815 687 1021 778 Imperatore
1044 688 1237 769 Aureliano,
1269 687 1325 776 qui
1348 655 1421 756 litis
1445 689 1498 756 de·

258 777 415 846 eisiouem
446 775 482 842 in
516 796 615 842 causa
638 775 796 864 Episcopi
833 775 946 853 Pauli,
966 777 1174 844 Samosateni
1208 776 1422 857 Antistheni,
1456 778 1500 844 ad

255 867 441 934 Romanum
464 863 666 952 Episcopum
689 863 865 951 relegavit,
889 871 1056 954 repetunt,
1080 865 1165 932 nihil
1189 864 1281 930 aliud
1305 866 1496 948 ostendunt,

277 955 359 1021 uam
376 953 466 1040 ipsos
482 973 645 1106 paganos,
669 974 729 1040 pro
752 953 954 1020 auctoritate
976 960 1011 1021 et
1057 958 1202 1020 otestate
1224 952 1367 1020 Romani
1383 953 1499 1021 Ponti·

255 979 337 1123 icis,
361 1062 457 1129 quam
505 1049 676 1107 ecaetero
699 1041 882 1108 orthodoxa
904 1042 987 1108 fides
1061 1041 1313 1108 ristiniancrum
1351 1041 1498 1108 omniunt

255 1128 461 1198 saeculorum
484 1127 719 1216 comprobavit,
743 1129 970 1196 testimonium
993 1130 1090 1208 ferre,
1125 1130 1214 1196 Dum
1248 1136 1359 1196 autem
1386 1130 1498 1197 ortho-

256 1219 341 1285 doxa
364 1216 535 1292 Confessio
558 1215 728 1283 Ecclesiae
752 1203 935 1284 Orientalis
957 1217 1060 1285 Parte
1084 1217 1170 1283 lma
1193 1223 1320 1302 quaest.
1344 1217 1396 1284 85.
1443 1217 1498 1284 de·

255 1306 377 1373 clarat:
403 1305 587 1386 „Docemur
610 1303 715 1370 solum
751 1303 922 1372 Christum
953 1305 1123 1372 Ecclesiae
1157 1326 1240 1372 suae·
1267 1305 1377 1394 Caput
1402 1328 1497 1374 esse.

254 1393 402 1461 Tametsi
424 1414 502 1459 vero
526 1391 711 1458 Antistites
734 1395 769 1458 in
790 1392 1241 1483 Ecclesiis,queispraesunt‚
1256 1395 1367 1482 capita
1382 1415 1498 1460 eorum

255 1483 431 1566 dicuntur;
456 1480 504 1546 sic
526 1480 611 1547 illud
634 1485 747 1546 tamen
769 1480 1006 1569 accipiendum,
1029 1479 1150 1570 quodi
1176 1481 1205 1546 si
1227 1480 1355 1548 Vicarii
1369 1481 1500 1548 Christi

255 1571 291 1635 in
331 1593 397 1658 uaq
421 1569 538 1652 uisque
560 1566 742 1655 provincia,
766 1576 801 1634 et
823 1569 1041 1656 particularia
1064 1505 1225 1658 quaedam
1248 1569 1367 1672 Capita
1397 1570 1500 1636 sint.“

255 1658 453 1726 Universum
474 1654 657 1722 Ecclesiam
682 1655 809 1721 visibili
833 1657 950 1744 Capite
973 1663 1008 1724 et
1044 1662 1157 1724 centro
1191 1651 1335 1723 unitat1's
1369 1657 1500 1724 visibili

279 1747 377 1827 rivat,
401 1751 435 1812 et
458 1743 634 1810 manifeste
658 1765 729 1810 cum
753 1744 961 1811 Acathclicis
984 1767 1187 1811 communem
1210 1745 1392 1811 doctrinam
1429 1752 1500 1810 tra·

254 1771 316 1914 dit,
341 1841 374 1902 et
397 1835 477 1900 haec
501 1831 663 1898 confessio
686 1831 908 1898 haeterodoxa
931 1839 1004 1918 est;
1029 1833 1169 1922 hincque
1192 1833 1332 1921 provide
1345 1832 1499 1900 fecerunt

253 1923 476 2011 Imperatores
501 1919 626 2000 civiles,
651 1919 727 1986 dum
750 1919 837 1986 tales
867 1919 1044 2002 Ecclesiae,
1091 1943 1175 2009 quae
1220 1920 1384 1986 divinitus
1429 1921 1498 1987 sibi

254 2011 435 2098 praefixum
464 2029 632 2074 commune
656 2012 757 2096 caput
780 2013 814 2074 et
836 2009 981 2094 regimen
1007 2032 1073 2075 non
1094 2013 1345 2096 recognoscunt,
1362 2008 1500 2076 suolm-

254 2099 345 2187 perio
369 2096 533 2165 divinitus
556 2095 590 2161 in
615 2095 787 2162 civitatem
811 2097 995 2164 constituto
1019 2097 1251 2184 subjecerunt3
1277 2111 1350 2163 oum
1373 2119 1432 2200 per
1456 2097 1501 2163 ci·

254 2187 355 2254 vilem
378 2189 579 2275 potestatem
602 2184 821 2272 supplendum
844 2188 889 2250 sit
908 2183 952 2264 id,
977 2185 1064 2273 quod
1088 2185 1252 2252 divinitus
1275 2190 1498 2251 constitutum

255 2297 327 2342 esse
350 2280 511 2360 negatur3
535 2272 577 2338 1ie
599 2271 686 2338 tales
710 2272 892 2339 dissolutae
914 2272 1084 2340 Ecclesiae
1116 2274 1152 2340 in
1185 2273 1284 2340 finem
1313 2273 1419 2339 isius
1455 2273 1500 2339 ci-

255 2363 374 2430 vitatis
398 2363 595 2465 impingant.
619 2359 724 2427 Nemo
748 2367 858 2427 autem
882 2360 1061 2427 crediderit
1084 2359 1293 2429 Christianos
1323 2296 1499 2450 irineipes

255 2451 326 2518 sine
349 2450 547 2529 discrimine,
572 2449 720 2516 conscios
742 2470 807 2514 non
848 2470 929 2528 esse,
943 2449 1147 2524 ‚distinctam
1178 2471 1249 2516 esse
1271 2449 1454 2516 Ecclesiam
1479 2471 1500 2514 a

255 2539 415 2606 societate
438 2536 550 2622 civili;
574 2536 695 2624 prioris
718 2537 816 2602 finem
850 2559 922 2603 esse
952 2537 1171 2624 spiritualem,
1206 2543 1387 2617 aeternum,
1417 2535 1499 2604 civi-

255 2628 338 2694 tatis
362 2631 471 2694 autem
497 2647 568 2692 esse
591 2624 784 2691 securitatis
807 2625 1020 2712 temporalem
1033 2648 1040 2710 ;
1065 2631 1167 2714 atque
1189 2633 1364 2713 utramque
1398 2625 1500 2691 socie-

255 2720 360 2782 tatem
383 2737 403 2781 a
425 2713 517 2782 DEO
541 2713 613 2801 ipsc
635 2713 830 2779 institutam
853 2733 933 2792 ease,
965 2735 1048 2796 quae
1080 2736 1180 2800 penes
1213 2713 1356 2780 invicem
1387 2719 1422 2780 et
1454 2711 1500 2779 ad

256 2809 407 2870 mutuum
429 2801 643 2890 adjutorium,
668 2803 907 2867 assecutionem
929 2801 1056 2890 proprii
1088 2801 1166 2868 finis
1200 2801 1318 2868 mediis
1351 2800 1499 2890 propriis

255 2897 428 2979 operatur;
453 2913 491 2956 ao
513 2887 661 2976 proinde,
685 2888 868 2977 quamlibet
890 2889 1086 2956 societatem
1107 2891 1242 2979 proprio
1266 2911 1325 2956 suo
1337 2889 1500 2976 regimine

255 2983 289 3045 et
312 2978 445 3066 qnidam
466 3000 486 3044 a
507 2977 598 3044 DEO
623 2976 806 3043 constituto
829 2975 1009 3064 gubernari
1045 2977 1172 3044 debere.
1203 2977 1319 3066 Neque
1352 2977 1501 3065 Impera·

254 3073 344 3133 tores
366 3067 441 3154 ipsi,
466 3066 605 3132 formam
627 3063 799 3151 regiminis
821 3064 991 3132 Ecclesiae
1003 3064 1291 3146 Aristocraticam,
1306 3065 1399 3154 cujus
1422 3085 1502 3130 ana-

253 3154 354 3240 logon
376 3155 412 3219 in
435 3159 509 3220 tota
531 3161 653 3218 natura
676 3174 696 3218 a
718 3151 810 3219 DEO
834 3157 946 3220 creata
969 3174 1035 3219 non
1058 3154 1168 3234 datur,
1193 3176 1211 3220 e
1234 3153 1501 3219 divinainstitu-

253 3243 346 3309 tione
364 3263 602 3329 recognoscere
624 3246 764 3328 possunt
777 3263 784 3326 ς
798 3240 917 3326 qualis
940 3241 1110 3327 regiminis
1134 3241 1249 3322 forma,
1285 3241 1344 3307 ubi
1365 3241 1401 3307 in
1423 3240 1501 3326 ipsa

254 3329 348 3397 civili
371 3330 532 3398 societate
554 3328 749 3397 introducta
772 3335 854 3410 erat,
879 3351 945 3395 non
969 3330 1027 3395 diu
1049 3329 1212 3418 perstitit,
1251 3329 1309 3394 sed
1343 3328 1378 3394 in
1407 3328 1502 3394 Mon·

254 3418 417 3486 archicam
441 3419 591 3486 desinere
614 3417 738 3484 debuit.
763 3417 811 3484 Ut
834 3416 942 3504 igitur
964 3418 1125 3498 Ecclesia,
1150 3439 1233 3504 quae
1256 3416 1421 3483 divinitus
1433 3415 1502 3482 sibi

254 3507 472 3574 constitutum
497 3528 685 3596 supremum
708 3505 886 3572 Rectorem
910 3528 973 3572 non
998 3507 1160 3592 agnoseit,
1184 3512 1333 3591 regatur,
1369 3511 1404 3572 et
1428 3525 1499 3570 non

254 3594 466 3675 dissolvatur,
490 3595 714 3682 Imperatores
737 3595 802 3680 ipsi
825 3594 972 3678 regimen
995 3595 1073 3660 talis
1096 3593 1267 3660 Ecclesiae
1288 3592 1324 3660 in
1341 3615 1402 3658 sua
1423 3613 1498 3680 per-

254 3705 336 3748 sona
359 3689 580 3764 concentrare,
605 3688 640 3748 et
673 3703 732 3768 per
764 3681 917 3770 Synodos
950 3681 1135 3766 dirigentes
1165 3704 1184 3748 a
1217 3703 1253 3748 se
1285 3680 1500 3760 constitutas,

254 3769 384 3836 easdem
408 3771 586 3860 separatim
610 3769 796 3856 gubernare
818 3774 992 3856 eoguntur.
1016 3769 1168 3836 Exhinc
1192 3773 1304 3837 autem
1313 3769 1412 3835 simul
1425 3768 1502 3833 luce

253 3858 437 3925 meridiana
459 3858 581 3925 clarius
604 3862 671 3925 est:
696 3858 800 3922 sclam
823 3858 1007 3924 Ecclesiam
1017 3857 1397 3938 Romano-Catholioam,
1412 3877 1500 3941 quae

254 3945 418 4012 divinitus
443 3945 508 4012 sibi
531 3946 752 4012 constitutum
776 3953 884 4035 caput,
910 3954 944 4012 et
965 3950 1127 4013 rectorem
1150 3945 1374 4014 universalem
1403 3965 1502 4010 vene-

253 4041 358 4114 ratur,
383 4033 527 4100 indolem
551 4040 585 4100 et
608 4032 880 4100 constitutionem
903 4033 946 4099 ad
968 4033 1258 4100 universalitatem
1281 4033 1369 4099 idest
1388 4032 1502 4099 catho-

253 4122 415 4188 lioitatem
438 4122 576 4207 habere;
602 4123 696 4210 cujus
718 4121 889 4206 regiminis
911 4120 1100 4210 jurisdictio
1124 4122 1227 4188 nullis
1238 4119 1503 4211 particularibus

253 4232 430 4296 regnorum
454 4211 619 4276 limitibus
641 4208 868 4294 restringitur,
893 4209 950 4275 sed
974 4210 1016 4275 ad
1039 4215 1147 4275 totum
1172 4210 1411 4299 latepatentem
1450 4230 1504 4274 or·

253 4298 326 4364 bem
349 4302 526 4380 terrarum,
547 4298 645 4386 juxta
664 4297 812 4363 divinam
835 4300 905 4385 ejus
928 4297 1178 4366 institutionem
1202 4296 1503 4377 extenditur.‚‚Po·

254 4384 344 4452 stula
367 4407 386 4450 a
410 4408 470 4467 me,
494 4395 530 4454 et
554 4387 637 4454 dabo
660 4385 723 4452 tibi
745 4392 864 4471 gentes
887 4386 1126 4453 haereditatem
1152 4391 1255 4468 tuam,
1275 4384 1505 4473 etpossessio-

254 4496 326 4540 nem
349 4479 445 4628 poam
468 4475 628 4566 terminos
646 4476 816 4562 terrae.¹)“
840 4474 933 4541 Haec
967 4480 1019 4542 est
1053 4474 1271 4562 appromissic
1293 4471 1503 4541 DEIEoole·

253 4563 323 4629 siae
365 4568 451 4628 acta.

319 4783 322 4790 ’
354 4828 372 4898 ¹)
392 4829 493 4884 asam.
515 4829 546 4883 11.
566 4827 590 4882 a.
