3420 5358
741 407 945 512 ese..-

221 633 800 805 ttttttlltinttthtt?
819 629 1468 807 tuilttltdlttttlsttitt

221 805 285 873 lem
307 804 493 874 Ecclesiam
518 804 647 893 obligat
669 806 704 873 in
729 808 879 875 omnibns
902 809 944 874 iis
967 807 1076 888 rebus,
1101 828 1185 895 quae
1200 805 1299 874 fidem
1313 813 1467 877 etmores

220 895 414 984 respiciunt.
438 893 652 975 Laxasten,
676 894 916 963 Instructionis
938 897 965 982 ᾖ.
992 895 1042 960 19.
1067 895 1115 963 sio
1137 902 1255 962 sonat:

314 980 448 1063 Mulier,
473 1004 556 1067 quae
580 983 828 1050 matrimonium
850 983 986 1052 incundi
1011 1005 1111 1050 causa
1133 988 1231 1071 rapta
1254 982 1368 1065 fuerit,
1393 1006 1467 1051 cum

220 1075 354 1160 raptore
377 1069 536 1159 quamdiu
558 1073 591 1137 in
615 1069 687 1159 ejus
710 1077 879 1159 potestate
903 1071 1063 1139 manserit
1087 1074 1332 1138 matrimonium
1357 1072 1468 1139 valide

220 1159 417 1227 contrahere
439 1158 565 1247 nequit.
584 1159 698 1246 Rapta
722 1159 884 1226 censenda
907 1166 959 1227 est
982 1160 1111 1240 mulier,
1136 1159 1393 1244 quaeviclentia
1404 1159 1468 1248 ipsi

220 1246 319 1314 illata
341 1247 395 1316 vel
418 1244 606 1328 abducitur,
631 1247 683 1314 vel
708 1247 742 1313 in
765 1248 837 1314 loco
860 1248 903 1314 ad
927 1270 1023 1332 quem
1047 1248 1122 1313 dolo
1145 1247 1266 1314 allecta
1290 1252 1344 1316 est
1385 1247 1468 1315 deti-

221 1340 347 1421 netur;
371 1357 519 1403 necnon
544 1357 591 1416 ea,
637 1356 700 1401 uae
724 1359 742 1402 a
766 1335 850 1418 viro,
875 1336 926 1403 cni
951 1342 1029 1402 anta
1053 1335 1183 1402 facinus
1220 1334 1286 1402 rite
1331 1335 1468 1424 despon-

221 1427 296 1490 sata
318 1423 409 1491 haud
431 1421 509 1504 fuit,
533 1357 710 1511 ipsalicet
733 1425 971 1506 consentiente,
995 1423 1111 1491 insciis
1134 1433 1246 1492 tamen
1270 1423 1325 1492 vel
1348 1424 1468 1494 invitis

219 1511 427 1601 parentibus,
451 1532 511 1579 seu
533 1512 702 1579 tutoribus
734 1511 921 1581 abducitur.

316 1599 408 1686 Ergo
431 1609 546 1687 raptus
570 1599 793 1667 committitur
815 1624 880 1668 non
905 1600 1012 1668 solum
1023 1621 1085 1688 per
1096 1599 1278 1668 violentam
1298 1599 1469 1670 abductio-

220 1709 304 1769 nem,
327 1687 387 1755 sed
409 1697 441 1754 et
461 1709 522 1776 per
544 1685 752 1756 allectionem
776 1693 812 1755 et
834 1689 994 1769 fraudem,
1020 1691 1151 1776 (raptus
1182 1687 1387 1755 seductionis
1410 1711 1469 1754 seu

220 1775 492 1856 subornationis.)
516 1775 564 1842 Ut
587 1782 699 1843 autem
722 1783 841 1865 raptus
864 1777 910 1843 sit
932 1776 1203 1864 impedimentum
1229 1774 1396 1860 dirimens,
1420 1797 1470 1845 re-

220 1863 375 1954 quiritur,
399 1869 438 1930 nt
461 1861 618 1931 abductio
640 1862 701 1930 fiat
724 1863 790 1931 fine
812 1864 1032 1934 contrahendi
1055 1864 1343 1946 matrimonii,ncn
1357 1870 1469 1932 autem

221 1951 402 2040 explendae
424 1950 594 2036 libidinis3
618 1959 720 2040 atque
742 1960 859 2040 raptus
883 1961 964 2022 tunc
987 1958 1179 2040 qucqueeat
1196 1951 1469 2041 impedimentum

221 2041 391 2122 dirimens,
416 2039 443 2106 si
466 2043 565 2127 rapta
588 2061 653 2106 non
676 2041 782 2107 invite
804 2043 869 2109 imo
893 2041 1149 2120 consentienter,
1187 2040 1302 2108 insciis
1346 2047 1468 2123 tamen,

222 2130 276 2196 vel
297 2128 417 2197 invitis
442 2127 636 2218 parentibus
660 2136 721 2196 aut
743 2131 912 2198 tutoribus
936 2128 1130 2197 abducatur.
1138 2135 1161 2214 ¹)

420 2307 455 2402 ξ.
488 2305 580 2389 100.
623 2307 988 2412 Impedimentum
1014 2305 1268 2409 Ligaminis.

317 2473 596 2562 Impedimentum
619 2474 789 2562 ligaminis
812 2481 864 2542 est
888 2473 1057 2542 vinculum
1097 2472 1223 2627 prioris
1268 2473 1471 2540 matrimonii

223 2561 293 2630 sive
317 2565 545 2644 consummati,
570 2563 643 2629 sive
665 2563 734 2629 rati
756 2571 899 2645 tantum,
924 2564 983 2630 sed
1028 2561 1095 2628 vali
1119 2565 1155 2647 i;
1201 2561 1279 2629 hinc
1325 2562 1469 2642 irritum,

222 2650 416 2738 nullumque
439 2658 491 2717 est
515 2652 771 2733 matrimonium,
795 2651 883 2740 quod
905 2651 1089 2739 superstite
1133 2649 1284 2736 legitimo
1331 2648 1471 2738 conjuge

222 2738 338 2819 initur,
363 2739 494 2805 etiamsi
517 2739 611 2827 prius
634 2739 742 2807 solum
765 2741 869 2806 fuerit
891 2746 1012 2821 ratum,
1036 2739 1205 2826 posterius
1227 2735 1229 2742 ’
1250 2740 1351 2806 ctiam
1395 2759 1470 2804 con-

222 2832 430 2895 summatum.
456 2827 628 2910 Quocirca,
653 2831 680 2894 si
704 2831 778 2916 quis
801 2828 887 2895 bona
910 2828 974 2895 fide
997 2833 1161 2894 mortuam
1185 2847 1320 2894 uxorem
1355 2825 1470 2893 existi·

221 2937 325 2994 mans,
348 2915 525 2983 accedente
548 2918 649 2982 etiam
669 2916 793 3004 judicis
820 2916 1036 2984 ecclesiastici
1070 2915 1274 2984 auctoritate
1319 2914 1362 2982 ad
1384 2913 1469 2981 alias

222 3002 397 3070 transierit
420 3004 565 3094 nuptias,
589 3026 733 3070 errorem
757 3006 903 3086 edoctus,
927 3006 1045 3072 relicta
1069 3003 1139 3085 hac,
1163 3003 1206 3070 ad
1230 3003 1373 3091 priorem
1396 3023 1470 3069 con-

219 3091 332 3179 jugem
356 3088 464 3157 redire
487 3092 606 3178 debet;
631 3092 857 3181 polygamiam
880 3093 967 3160 enim
990 3091 1118 3160 Christi
1166 3090 1285 3178 religio
1330 3089 1470 3181 proscri-

221 3181 298 3268 psit.
324 3179 376 3246 De
398 3179 459 3249 hoc
481 3181 717 3270 impedimento
740 3180 977 3248 Instructionis
1000 3182 1027 3266 ἓ.
1052 3178 1106 3246 20.
1140 3179 1211 3245 ait:

318 3267 525 3336 Matrimonii
548 3268 719 3336 vinculum
742 3269 853 3337 eodem
875 3270 1010 3359 junctos
1033 3267 1076 3334 ad
1099 3265 1191 3335 alind
1224 3263 1470 3334 matrimonium

221 3355 402 3423 ineundum
424 3355 590 3424 inhabiles
613 3357 736 3426 reddit.

317 3443 497 3513 Vinculum
520 3451 630 3512 autem
654 3446 777 3534 prioris
800 3444 1004 3511 matrimonii
1034 3449 1144 3511 cessat
1169 3443 1202 3532 l)
1233 3464 1308 3597 ,im
1330 3444 1472 3508 mortem

221 3531 321 3600 nnius
344 3532 505 3620 conjugis,
529 3535 563 3620 2)
587 3533 695 3623 quoad
738 3532 984 3600 matrimonium
1008 3540 1118 3599 ratum
1164 3555 1232 3599 non
1255 3553 1311 3596 um
1356 3537 1470 3597 tamen

222 3628 487 3688 consummatum
510 3627 611 3689 etiam
635 3645 695 3710 per
717 3621 954 3712 professionem
978 3620 1169 3706 religiosam
1216 3617 1470 3707 (monachalem)

221 3707 321 3775 unius
343 3708 504 3796 conjugis.
533 3710 668 3799 Duplex
690 3711 800 3797 inquit
822 3709 956 3777 Natalis
980 3708 1190 3802 Alexander,
1207 3708 1242 3774 in
1255 3705 1470 3772 Matrimonio

222 3795 392 3863 vinculum
415 3797 577 3882 inveniri;
602 3798 746 3864 alterum
769 3798 956 3886 spirituale,
980 3796 1068 3885 quod
1087 3797 1158 3863 solo
1182 3816 1354 3876 consensu,
1388 3793 1471 3860 alte·

221 3907 295 3952 rum
319 3883 462 3966 carnale,
486 3887 573 3974 qnod
595 3885 714 3976 copula
737 3885 928 3967 stringitur.
953 3885 1094 3952 Carnale
1117 3884 1188 3950 sola
1212 3904 1299 3949 mors
1323 3881 1471 3972 corporis

169 4041 174 4052 ,
221 3971 335 4053 solvit,
361 3979 399 4038 ut
422 3972 519 4041 docet
543 3974 727 4062 Apostolus
751 3974 794 4039 ad
816 3974 984 4040 Romanos
1008 3973 1086 4040 7-0:
1111 3971 1205 4056 Quae
1228 3971 1289 4038 sub
1321 3971 1395 4038 viro
1419 3977 1473 4036 est

222 4059 352 4142 mulier,
375 4060 512 4129 vivente
537 4062 609 4129 viro
632 4062 774 4148 alligata
798 4067 851 4128 est
874 4061 961 4148 legi;
986 4061 1015 4127 si
1039 4067 1150 4126 autem
1174 4065 1326 4126 mortuus
1368 4057 1472 4124 fuerit

223 4149 276 4216 vir
298 4147 381 4230 e'us,
405 4149 517 4216 soluta
540 4156 593 4218 est
615 4173 635 4216 a
659 4151 735 4236 lege
758 4149 833 4217 viri.
859 4149 1041 4238 Spirituale
1064 4153 1176 4216 autem
1200 4147 1368 4215 vinculum
1406 4145 1473 4233 spi·

221 4235 339 4304 ritnai
363 4244 469 4304 morte
494 4238 647 4321 solvitur,
672 4261 737 4327 qua
760 4237 915 4304 nimirum
939 4236 1070 4390 alitpuis,
1095 4236 1281 4303 mutatione
1304 4242 1426 4314 status,
1451 4257 1473 4300 a

222 4324 316 4392 civili
339 4325 592 4394 conversatione
613 4327 664 4394 ita
686 4333 888 4406 removetur,
912 4330 993 4392 uta
1040 4345 1112 4390 eam
1134 4321 1295 4392 redeundi
1320 4345 1412 4412 spem
1436 4331 1473 4388 et

222 4417 423 4502 potestatem
447 4415 538 4482 ultra
561 4436 626 4482 non
649 4414 781 4496 haheat,
806 4413 893 4504 quud
915 4412 957 4480 fit
979 4413 1086 4480 solum
1130 4434 1191 4500 per
1234 4411 1472 4500 professionem

303 4635 321 4705 ¹)
342 4635 426 4692 Nota:
448 4634 516 4690 Cum
535 4636 681 4693 lustmctio
700 4635 847 4692 Austriaca
865 4634 923 4690 vim
947 4633 1017 4702 legis
1043 4650 1098 4689 non
1127 4632 1237 4700 haheat,
1256 4648 1307 4703 per
1325 4647 1387 4686 earn
1405 4631 1474 4688 defi·

223 4705 286 4760 nita
304 4723 361 4762 ncu
381 4712 425 4762 est
443 4707 568 4776 quaestio
587 4707 615 4762 iu
631 4709 694 4778 jure
713 4707 854 4764 communi
864 4711 1044 4764 controversa
1067 4705 1159 4774 quoad
1178 4718 1285 4776 raptum
1306 4702 1475 4760 seductionis

225 4779 353 4833 mulieris
375 4797 428 4834 con
446 4781 631 4851 desponsatae
650 4780 850 4836 consentientis
876 4783 973 4835 contra
990 4782 1135 4848 parentum
1156 4777 1335 4832 voluntatem.
