3476 5366
819 372 955 474 aas

262 586 293 648 in
319 586 452 675 proprio
476 589 634 657 districtu
671 592 860 672 comitandi,
894 591 1273 667 Vise-ArchiDiaoonos
1308 592 1503 658 installandi

262 676 297 738 61
319 675 509 760 sepeliendi,
530 683 565 743 et
587 679 735 745 rationes
758 679 983 746 Ecclesiarum
1007 679 1188 746 revidendi.
1213 679 1306 745 Idem
1330 680 1364 745 in
1390 680 1504 746 Eccle-

261 760 311 825 sia
335 759 498 829 Orientali
521 770 600 832 6661
622 767 915 855 Protopresbyteri
936 767 1074 848 rurales,
1106 766 1190 834 alias
1223 767 1431 856 Protopopae
1455 790 1509 834 vo·

261 851 338 933 cati,
362 875 501 942 quorum
524 853 702 942 aliquando
725 861 876 943 potestas
899 855 1011 922 eadem
1035 860 1108 921 erat
1131 878 1205 922 cum
1228 854 1438 922 Vicariorum
1461 857 1508 922 fo·

260 960 443 1007 66666666.
467 941 640 1011 Extinctis
662 966 779 1031 nempe
803 943 1062 1032 Chorepiscopis,
1099 943 1291 1010 sollicitudo
1338 943 1508 1012 lustrandi

259 1030 404 1096 rusticas
426 1031 611 1118 parochias,
635 1031 844 1119 praesidendi
866 1033 979 1120 parvis
1004 1031 1145 1120 oppidis,
1170 1031 1358 1118 corrigendi
1391 1037 1426 1100 et
1448 1056 1509 1120 pu·

258 1116 373 1184 616611
395 1117 430 1184 16
453 1118 507 1185 his
530 1120 690 1204 degentes
713 1119 869 1201 Clericos,
893 1143 977 1208 quac
1000 1121 1094 1208 prius
1113 1119 1365 1208 chorepiscopis
1380 1142 1506 1208 compe·

258 1205 362 1286 tabat,
386 1207 553 1275 translata
576 1207 644 1276 fuit
666 1207 700 1274 16
723 1208 1056 1296 Protopresbyteros,
1081 1206 1379 1288 Archi-Diaconos,
1402 1209 1504 1274 Deca-

257 1314 318 1359 666
340 1295 480 1382 6666166.
503 1295 612 1362 Erant
635 1296 741 1382 igitur
763 1291 1058 1384 Protopresbyteri
1082 1295 1136 1360 vel
1159 1295 1285 1363 Decani
1317 1296 1446 1362 rurales
1469 1297 1505 1362 in

258 1379 454 1471 Chorepisoo
480 1405 572 1450 orum
595 1384 704 1451 locum
727 1384 869 1463 suffecti,
894 1383 1023 1451 Vicarii
1046 1382 1175 1450 rurales
1199 1405 1258 1450 seu
1280 1384 1405 1450 foranei
1428 1385 1506 1472 Epi·

256 1489 439 1558 sooporum.
498 1493 589 1538 erum
612 1494 766 1560 successu
788 1473 946 1560 temporis
970 1495 1033 1539 666
1077 1493 1116 1537 66
1148 1472 1395 1554 consuetudine,
1441 1496 1508 1539 uon

257 1565 346 1625 certe
369 1557 521 1646 legitime
543 1559 701 1640 inductis,
726 1583 838 1626 eorum
861 1567 1012 1647 potestas
1036 1560 1124 1648 apud
1160 1560 1359 1642 Orientales,
1405 1566 1507 1648 prout

255 1645 596 1714 Archi-Diaconomm
620 1648 707 1737 apud
732 1647 965 1715 Occidentales
989 1646 1193 1736 amplissima
1216 1649 1335 1728 evasit,
1361 1648 1442 1715 adeo
1464 1653 1505 1715 ut

253 1755 315 1822 pro
338 1735 423 1802 bono
446 1736 615 1803 Ecclesiae
637 1737 797 1822 regimine
821 1759 954 1808 necesse
978 1736 1081 1804 fuerit
1104 1757 1216 1802 eorum
1238 1737 1505 1820 jurisdictionem

253 1823 345 1890 intra
365 1822 452 1911 juris
476 1824 635 1898 terminos
659 1831 843 1909 coarctare;
869 1833 1072 1913 quapropter
1095 1824 1341 1891 subtractasiis
1365 1826 1504 1891 fuerunt

254 1931 372 1978 causae
396 1912 593 1994 criminales,
618 1913 880 1979 matrimoniales
904 1920 938 1979 et
961 1911 1181 1980 beneficiales.
1206 1912 1369 1996 Quocirca
1406 1912 1505 1979 bodie

253 2020 366 2066 eorum
389 2005 549 2087 potestas,
571 2022 656 2089 quae
678 2023 807 2088 semper
830 2001 897 2068 fuit
919 2008 1020 2088 prout
1043 2001 1146 2068 etiarn
1170 2000 1316 2087 ipsorum
1350 2000 1504 2088 Oborepi-

252 2109 424 2176 scoporum
448 2089 515 2155 nisi
538 2089 693 2177 delegata
716 2090 757 2156 ab
781 2089 902 2177 Episco
928 2111 946 2154 o
969 2088 1151 2168 Dioecesis‚
1176 2111 1217 2153 ex
1241 2090 1390 2156 mandati
1437 2090 1504 2178 epi-

251 2174 395 2330 scopglis
419 2177 572 2260 formula,
596 2185 656 2245 aut
679 2200 720 2245 ex
742 2178 882 2266 speciali
904 2112 1115 2246 bioeoesium
1139 2177 1354 2244 observantia
1401 2177 1501 2244 dime-

251 2263 452 2332 11666661.

250 2439 410 2540 §.140
447 2441 559 2525 Jura
604 2468 684 2546 per
719 2401 1147 2546 ProtopresbytcroS,
1192 2447 1286 2524 seu
1305 2443 1504 2524 Decanos

249 2567 433 2669 rurales,
455 2569 681 2651 66661166(
696 2569 1187 2652 Vise-ArchiDiaconos
1211 2570 1265 2650 (16
1280 2569 1503 2672 praesenti

520 2737 522 2742 ·
597 2694 912 2776 consuetudine
942 2687 1146 2777 exercita.

345 2820 647 2906 Protopresbyteri,
672 2817 754 2883 alias
778 2820 878 2891 etiam
901 2816 1266 2898 Vise-Archi-Diaconi,
1295 2814 1422 2883 Decani
1445 2835 1499 2879 ru·

247 2908 345 2989 rales,
371 2906 486 2996 quiin
527 2906 737 2973 districtibus
769 2928 848 2971 suae
883 2904 1081 2991 vigilantiae
1114 2905 1312 2973 concreditis
1347 2902 1432 2970 oculi
1465 2908 1502 2968 et

249 2995 464 3063 commissarii
487 2994 725 3082 Episcoporum
750 3008 838 3073 sunt,
863 2992 903 3059 de
927 2994 1095 3081 praesenti
1119 2995 1215 3082 praxi
1238 2994 1411 3081 sequentia
1421 2989 1502 3077 jura

248 3092 419 3152 exercent:
447 3084 478 3169 l)
500 3083 725 3151 Paroehorum
748 3087 783 3148 et
805 3081 1007 3149 Clericorum
1029 3083 1119 3148 intra
1144 3082 1321 3149 districtus
1338 3102 1414 3146 suos
1437 3081 1503 3144 mo·

247 3175 340 3241 ribus
362 3173 551 3258 invigilant,
576 3177 610 3238 et
633 3170 810 3257 quotannis
842 3169 882 3236 de
912 3169 1104 3237 moralitate
1141 3171 1237 3250 Cleri,
1273 3176 1307 3236 61
1347 3169 1501 3234 observa·

246 3261 339 3330 tione
362 3261 555 3348 disciplinae
577 3260 756 3326 relationes
780 3257 944 3346 Episcopo
975 3266 1159 3346 praestant.
1192 3259 1227 3344 2)
1258 3255 1426 3325 Ecclesiae
1449 3253 1500 3320 vi·

247 3354 362 3430 sitant,
386 3372 424 3416 ac
446 3350 593 3415 rationes
617 3350 656 3414 (16
679 3347 841 3414 reditibus
864 3345 1090 3414 Ecclesiarum
1116 3347 1303 3427 desumunt,
1328 3365 1500 3410 occurren-

245 3443 298 3505 tes
321 3440 443 3505 abusus
467 3439 646 3504 observant
669 3443 704 3502 et
727 3435 862 3500 1611661.
888 3435 920 3520 3)
934 3435 1096 3522 Capitulis
1110 3459 1168 3502 seu
1180 3431 1498 3520 congregationibus

245 3527 468 3594 Paroehorum
492 3525 692 3615 praesident,
715 3525 750 3608 4)
774 3523 931 3610 Episcopi
955 3524 1086 3590 nomine
1109 3524 1276 3591 Paroehos
1300 3524 1334 3588 in
1368 3541 1497 3607 posses-

245 3617 368 3682 sionem
391 3615 625 3682 beneficiorum
648 3613 845 3692 immittunt,
880 3611 1099 3680 introducunt
1144 3620 1177 3679 et
1221 3610 1412 3678 instellant.
1460 3607 1499 3694 5)

243 3703 413 3771 Funebria
437 3704 602 3770 defunctis
625 3701 782 3767 Perochis
806 3700 1009 3787 persolvunt.
1035 3700 1068 3785 6)
1094 3701 1330 3788 Episcoporum
1354 3696 1498 3784 disposi-

245 3795 351 3859 tiones
374 3793 565 3858 effectuant.
590 3791 623 3875 7)
646 3788 836 3877 Aliquando
861 3786 1015 3874 delegata
1049 3789 1090 3855 ab
1121 3789 1286 3878 Episcopo
1318 3785 1498 3865 facultate,

244 3903 360 3949 causas
382 3879 520 3948 levioris
543 3881 699 3945 momenti
718 3877 906 3944 examinare
928 3899 966 3941 66
981 3899 1171 3963 processum
1188 3878 1231 3944 ad
1247 3871 1497 3942 informandum

244 3970 340 4037 edere
362 3976 513 4058 possunt,
537 3971 585 4033 ita
607 3973 728 4047 tamen,
752 3971 793 4031 ut
812 3965 868 4049 jus
892 3985 930 4029 ac
954 3967 1154 4031 seutentiam
1178 3962 1498 4032 dicerenullatenus

243 4057 388 4124 valeant.
412 4059 446 4144 8)
469 4053 765 4144 Protopresbyteri
788 4074 847 4118 seu
884 4051 1010 4118 Decaui
1050 4056 1180 4120 rurales
1212 4059 1292 4120 6661
1329 4058 1398 4116 tam
1434 4069 1497 4135 pro

242 4146 404 4228 Ecclesia,
428 4169 526 4236 quam
550 4153 584 4212 et
606 4165 666 4232 pro
690 4147 784 4210 statu
807 4139 938 4226 civilis)
973 4141 1184 4229 Inspeotores
1219 4139 1406 4208 scholarum
1441 4137 1498 4202 sui

244 4235 428 4317 districtus,
452 4235 581 4301 easdem
605 4232 757 4312 visitant,
783 4229 916 4295 effectui
961 4229 1207 4297 ordinationum
1242 4241 1311 4296 tam
1344 4226 1497 4294 ecclesia·

243 4324 402 4390 sticarum
425 4346 524 4411 quam
547 4321 694 4389 civilium
717 4323 749 4384 in
773 4317 917 4403 negotiis
952 4317 1160 4386 scholasticis
1189 4321 1354 4386 editarum
1388 4317 1497 4379 inten-

242 4410 335 4479 (1661.
360 4411 629 4497 Ludimagistros
652 4408 844 4494 corriguut;
868 4405 904 4470 16
928 4407 1142 4494 666166661116
1166 4409 1306 4495 denique
1335 4401 1495 4471 scholari-

242 4499 304 4567 bus
329 4523 437 4567 anuue
460 4498 626 4567 asservari
649 4497 759 4565 solitis
782 4493 983 4582 praesident,
1007 4501 1108 4584 atque
1131 4520 1205 4564 cum
1228 4493 1348 4564 officiis
1378 4489 1495 4580 politi-

242 4589 290 4656 cis
311 4588 348 4655 in
369 4588 514 4676 negotiis
537 4586 723 4656 scholarum
746 4582 897 4652 externis
919 4582 1110 4652 immediate
1132 4582 1402 4675 correspondent.

317 4768 336 4840 1)
354 4769 386 4824 16
403 4764 531 4824 lustriae
552 4763 680 4836 Imperio.
