3464 5366
816 347 879 414 119

739 443 942 454 --—-—...—

319 567 477 635 Sanctum
501 566 642 656 denique
665 567 784 654 oleum,
808 569 879 636 sive
903 573 1052 637 extrema
1076 569 1209 650 Unctio,
1245 568 1335 658 apud
1380 571 1467 640 Mar·

219 679 294 722 cum
316 656 450 743 legitur,
475 663 510 724 et
532 663 649 745 aperto
680 656 705 723 J
707 657 800 724 acohi
833 657 952 725 fratris
990 657 1124 725 Domini
1158 657 1351 726 testimonio
1385 681 1468 728 oom-

218 743 406 898 pwbhtdlerm
424 837 536 900 autem
558 831 742 900 Concilium
765 833 937 902 Jassiensa
961 833 1001 900 de
1024 831 1418 902 Transsubstantiatione
1432 837 1467 902 in

217 917 453 988 Eucharistia:
479 920 670 1002 „Credimus
693 922 940 990 sanctissimum
981 921 1115 990 divinae
1147 919 1380 990 Eucharistiae
1415 945 1465 990 sa·

220 1015 434 1092 crementum,
459 1009 547 1094 qnod
570 1008 685 1076 ordine
707 1015 864 1099 quartam
887 1033 989 1100 supra
1012 1009 1246 1088 recensuimus,
1259 1008 1466 1099 illudipsum

217 1117 299 1176 esse,
323 1095 411 1182 qnod
456 1119 494 1164 ea
517 1103 623 1178 nocte,
647 1114 712 1182 qua
734 1105 839 1164 semet
861 1099 971 1187 ipsum
994 1120 1054 1186 pro
1078 1097 1193 1163 mundi
1216 1098 1288 1164 vita
1321 1097 1466 1166 tradidit

216 1183 389 1266 Dominus,
414 1185 510 1252 nobis
532 1184 716 1253 traditione
739 1186 887 1275 reliquit.
921 1187 1046 1253 Panem
1079 1185 1201 1274 quippe
1233 1185 1399 1274 accipiens
1431 1194 1467 1254 et

217 1271 423 1355 benedicens,
448 1271 542 1340 dedit
563 1274 884 1362 sanctisdiscipulis
907 1277 976 1342 suis
999 1280 1034 1341 et
1058 1271 1228 1361 Apostolis
1251 1273 1381 1342 dicens:
1402 1274 1466 1344 Ao·

216 1358 327 1450 cipite,
352 1359 549 1430 manducate
571 1360 634 1428 boc
671 1368 723 1428 est
747 1383 867 1451 corpus
893 1383 1010 1430 meum.
1035 1361 1083 1429 Et
1106 1360 1273 1449 accipiens
1318 1360 1464 1444 calicem,

215 1451 345 1534 gratiae
369 1471 471 1536 agens
495 1448 600 1515 dixit:
624 1449 733 1517 bibite
755 1473 797 1516 ex
819 1450 880 1519 hoo
905 1473 1027 1532 omnes,
1051 1449 1103 1516 his
1126 1454 1182 1516 est
1203 1452 1339 1536 sangnis
1361 1473 1464 1532 mens,

216 1535 275 1624 qui
309 1559 370 1626 pro
393 1537 489 1604 vobis
512 1535 705 1606 effundetur
726 1539 763 1606 in
785 1539 1014 1606 remissionem
1035 1542 1256 1626 peccatorum.
1279 1537 1320 1605 In
1365 1538 1466 1628 hujus

215 1625 330 1710 itaque
354 1624 575 1693 celebratione
598 1628 796 1694 sacramenti
822 1625 998 1694 Dominum
1024 1633 1176 1697 nostrum
1200 1624 1285 1692 Jesu
1297 1625 1466 1694 Christum

217 1711 383 1780 credimus
406 1735 478 1780 esse
499 1721 719 1802 praesentem,
743 1737 810 1782 non
833 1715 965 1800 quidem
996 1713 1176 1782 secundum
1223 1713 1366 1800 figuram
1410 1725 1467 1782 aut

216 1799 405 1887 imaginem,
429 1822 535 1892 neque
558 1800 657 1868 etiam
680 1803 860 1869 secundum
884 1803 1069 1892 quamdam,
1093 1801 1147 1868 uti
1169 1802 1204 1867 in
1227 1802 1467 1871 ceterissacra·

218 1889 341 1956 mentis
362 1889 496 1976 gratiae
518 1889 760 1970 excellentiam,
785 1912 890 1980 neque
913 1891 1094 1980 secundum
1115 1889 1299 1978 simplicem
1320 1913 1419 1979 quam
1431 1891 1467 1957 in

216 1976 391 2066 Baptiamo
415 1999 711 2046 commemoravere
733 1979 854 2046 Patres
891 1979 1030 2048 nonnuli
1073 1977 1313 2066 praesentiam:
1361 2001 1402 2046 ne
1425 2002 1467 2047 ue

216 2087 317 2153 penes
339 2065 615 2154 conjunctionem,
639 2088 704 2154 qna
727 2069 898 2157 proposito
920 2066 1157 2135 Eucharistiae
1179 2068 1258 2155 pani
1280 2065 1387 2135 Verbi
1403 2001 1467 2136 bi-

217 2153 345 2220 vinitas
368 2153 582 2242 bypostatioe
604 2156 754 2236 uniatur,
779 2154 1053 2240 quemadmodum
1076 2156 1198 2222 inscite
1217 2153 1315 2240 juxta
1338 2160 1373 2222 et
1407 2155 1466 2222 mi·

216 2262 290 2308 sere
311 2241 500 2309 Lntherani
523 2240 750 2328 arbitrantur;
774 2243 833 2311 sed
858 2265 935 2312 vere
957 2244 1161 2330 realiterque
1184 2249 1349 2330 qnatenus
1371 2246 1467 2333 panis

216 2327 345 2396 etvini
378 2329 467 2400 iacta
497 2331 755 2409 consecratione,
801 2337 1057 2412 transmutetur,
1103 2329 1463 2412 transsubstantietur,

215 2425 444 2500 convertatur,
469 2423 621 2486 transeat
643 2419 739 2506 panis
763 2419 896 2507 quidem
920 2422 953 2488 in
977 2419 1086 2508 ipsum
1110 2440 1229 2520 corpus
1252 2418 1389 2486 Domini
1413 2443 1465 2487 ve·

215 2527 298 2586 rum,
323 2507 410 2595 quod
433 2512 548 2574 natum
572 2513 624 2574 est
645 2507 842 2574 Bethlehem
865 2531 906 2576 ex
928 2530 1057 2596 semper
1079 2507 1231 2594 Virgine,
1255 2507 1466 2595 baptizatam

215 2594 253 2661 in
275 2593 300 2660 J
302 2596 434 2676 ordene,
457 2617 603 2684 passum,
627 2595 805 2684 sepultum,
831 2596 920 2684 qnod
942 2599 1135 2676 resurrexit,
1171 2594 1332 2677 ascendit,
1371 2595 1466 2666 sedet

214 2681 258 2749 ad
281 2681 451 2750 dexteram
475 2682 556 2750 DEI
578 2682 701 2764 Patris,
724 2683 761 2750 in
783 2685 866 2751 coeli
890 2684 1032 2773 denique
1054 2683 1200 2751 nubibus
1222 2682 1465 2771 adventurum3

215 2770 331 2837 vinum
356 2771 491 2838 veroin
514 2771 624 2860 ipsum
647 2793 763 2838 varum
776 2772 910 2838 Domini
919 2773 1116 2860 sangninem
1139 2771 1291 2839 converti
1307 2777 1465 2840 actrans·

213 2858 448 2940 snbstantiari,
472 2859 529 2945 qui
553 2881 595 2925 ex
615 2858 682 2925 Illo
704 2882 765 2947 pro
788 2859 904 2926 mundi
927 2860 1058 2930 vitain
1082 2881 1177 2927 cruce
1221 2859 1388 2948 pendente
1411 2861 1465 2928 de·

214 2945 355 3032 fluxitlj
378 2946 475 3026 Item,
500 2947 591 3014 iacta
613 2947 710 3035 panis
733 2951 861 3015 etvini
884 2950 1139 3030 consecratione,
1164 2969 1224 3015 nec
1246 2947 1319 3015 vini
1334 2970 1466 3016 manere

214 3033 359 3122 amplius
381 3035 606 3104 substantiam
630 3035 806 3118 credimus,
833 3035 893 3103 aed
934 3037 1043 3125 ipsum
1066 3058 1185 3139 corpus
1209 3040 1244 3103 at
1266 3057 1328 3103 san
1378 3037 1466 3105 'nem

213 3119 368 3206 Domini,
392 3124 453 3191 sub
477 3126 573 3212 panis
596 3128 632 3190 et
654 3125 724 3191 vini
746 3123 929 3212 speciebus,
953 3124 1042 3194 idest
1065 3123 1304 3192 accidentibus.
1349 3129 1465 3193 temet

214 3211 326 3298 ipsum
348 3212 507 3279 distribui
530 3210 664 3278 Domini
683 3234 802 3300 corpus
825 3218 860 3280 et
883 3214 1079 3301 sangninem
1101 3211 1325 3302 purissimum,
1366 3213 1466 3298 inque

216 3301 530 3367 communicantium
553 3299 625 3366 sive
648 3299 787 3388 piorum,
811 3301 883 3368 sive
906 3302 1082 3390 impiorum
1106 3323 1142 3367 os
1178 3307 1213 3367 et
1259 3300 1466 3368 stomachum

213 3386 405 3472 introduci;
429 3387 496 3455 nisi
520 3386 608 3477 quod
629 3387 856 3456 remissionem
878 3395 1088 3479 peccatorum
1122 3388 1293 3476 vitamque
1327 3389 1393 3477 piis
1427 3411 1466 3457 ac

214 3475 327 3561 dignis
347 3475 542 3566 impertitur
564 3483 743 3557 aeternam,
767 3477 879 3567 impiis
902 3500 982 3545 vero
1005 3484 1041 3544 et
1058 3475 1208 3564 indignis
1217 3476 1465 3544 damnationem

212 3563 355 3632 accersit
378 3573 414 3630 at
434 3586 575 3653 poenam
597 3565 841 3652 sempiternam.
864 3566 954 3633 Item
976 3565 1128 3632 manibus
1152 3562 1374 3653 dentibusque
1389 3587 1463 3633 con·

212 3649 281 3718 cidi
304 3651 435 3736 quidem
456 3652 592 3722 Domini
615 3674 734 3741 corpus
758 3675 797 3719 ac
820 3653 945 3740 dividi;
970 3675 1085 3721 verum
1108 3674 1168 3743 per
1190 3651 1343 3720 accidens
1366 3652 1461 3720 dum·

213 3744 323 3819 taxat,
347 3740 418 3807 sive
434 3763 541 3894 penes
564 3740 751 3807 accidentia
772 3741 869 3829 panis
892 3750 927 3810 et
950 3741 1031 3822 vini,
1055 3763 1115 3829 per
1137 3762 1220 3830 quae
1255 3747 1290 3808 et
1313 3741 1463 3808 visibilia

212 3849 255 3896 ea
277 3847 351 3894 esse
372 3850 432 3895 oon

212 3917 288 3982 visa
311 3915 488 3983 secundnm
513 3939 549 3984 se
570 3939 771 4005 permanere.
796 3917 893 3984 Unde
916 3925 950 3985 et
974 3917 1146 3986 catholiea
1168 3917 1251 3984 dicit
1288 3917 1461 3984 Ecclesia:

207 4001 401 4070 conciditur
423 4010 458 4072 et
481 4005 654 4086 dividitur,
678 4005 737 4091 qui
759 4005 910 4072 concisus
933 4003 1326 4094 nequaquamdividitur,
1340 4006 1463 4094 ubique

211 4089 444 4174 manducatur,
468 4100 503 4160 et
524 4115 687 4182 nusquam
709 4094 925 4174 consumitur,
961 4095 1019 4161 sed
1043 4093 1142 4180 digne
1164 4092 1359 4161 accedentes
1390 4116 1463 4162 san·

210 4179 351 4246 ctifioat.
374 4179 461 4248 Item
483 4202 691 4270 nequaquam
713 4182 774 4249 sub
798 4181 958 4251 divisione
980 4181 1139 4269 qualibet,
1162 4205 1201 4250 ac
1223 4180 1463 4270 minimapanis

210 4273 250 4335 et
272 4269 344 4334 vini
366 4275 546 4338 consecrati
570 4270 745 4358 particula,
770 4291 842 4339 esse
864 4275 994 4358 partem
1015 4270 1163 4360 corporis
1208 4274 1243 4337 et
1287 4271 1462 4357 sanguinis

211 4451 421 4464 ....----.

294 4513 312 4582 ¹)
332 4513 387 4584 lpsi
407 4531 472 4582 ergo
492 4513 588 4568 Graeci
609 4515 778 4571 schismatici
799 4521 1018 4585 recognoverunt
1037 4520 1065 4570 et
1085 4512 1259 4580 confitentur,
1288 4517 1360 4584 :qood
1398 4519 1462 4570 anto

212 4603 267 4642 eos
288 4585 391 4642 Concil.
412 4586 601 4641 Tridentinurn
621 4588 695 4642 Sess.
716 4588 757 4643 13.
780 4588 806 4644 C.
827 4591 851 4642 2.
872 4587 1010 4642 delinivit:
1032 4587 1210 4641 mutationem
1240 4589 1320 4655 panis
1359 4593 1385 4642 et
1404 4587 1460 4640 viui

210 4657 441 4802 qqplgqlcaiqqristia
460 4659 488 4712 in
508 4675 609 4728 corpus
629 4663 655 4712 et
675 4661 836 4730 sarrguinem
859 4657 958 4714 Christi
972 4660 1116 4730 aptissime
1127 4657 1460 4716 transsubstantiationem

458 3835 568 3896 temnr
590 3833 626 3896 et
648 3829 919 3896 contrectabilia:
944 3835 979 3896 at
1002 3831 1130 3897 insecta
1153 3849 1289 3918 prorsus
1322 3835 1357 3896 et
1379 3827 1464 3896 indi·
1559 3865 1562 3872 ·
