3476 5366
749 427 881 530 „aaa
916 523 943 528 ..

225 645 496 733 exemptionibus,
521 648 556 710 et
578 641 763 729 privilegiis
785 643 923 712 eundem
943 644 1212 728 condecorarunt,
1243 643 1383 711 firmiter
1405 666 1476 734 per·

224 733 327 814 suasi,
352 732 411 799 has
434 730 524 801 Cleri
546 730 773 818 exemptiones
796 738 831 798 et
852 733 1028 821 privilegia
1050 735 1084 799 in
1107 732 1264 819 majorem
1288 753 1398 799 eorem
1421 753 1476 820 po·

224 821 305 909 pulo
328 820 501 908 religionis
525 824 559 884 et
583 817 673 886 Cleri
695 826 893 906 respectum,
917 843 977 909 per
998 819 1087 909 quod
1109 821 1255 908 ipsorum
1278 822 1379 886 etiam
1404 820 1473 886 Ma·

225 909 431 996 gistratuum
455 907 560 973 honor
583 918 618 972 et
640 914 812 973 veneratio
835 917 1101 998 promoveretur,
1125 909 1161 974 in
1206 907 1475 989 emolumentum,

226 996 337 1076 decus,
361 1003 462 1080 atque
485 992 630 1060 salutem
654 994 760 1082 ipsius
784 996 934 1062 civitatis
957 997 1094 1080 cedere;
1119 993 1195 1063 ideo
1225 995 1265 1062 ab
1289 995 1388 1062 initio
1411 995 1476 1066 Re·

224 1083 365 1170 ligionis
386 1105 491 1172 usqne
514 1083 547 1146 in
571 1103 729 1169 praesens
751 1087 882 1171 tempus
905 1106 925 1150 a
951 1085 994 1151 ud
1016 1085 1116 1173 ipsas.
1151 1083 1311 1150 barbaras
1356 1092 1476 1170 gentes

226 1192 358 1260 qnoque
380 1173 568 1258 exemptum
590 1170 851 1236 sacrificulorum
875 1194 912 1238 or
935 1172 1024 1239 inem
1046 1173 1082 1238 in
1113 1193 1240 1237 summa
1262 1173 1478 1240 veneratione

226 1259 380 1326 habitum
403 1258 602 1338 invenimus,
626 1279 722 1324 servo
746 1259 833 1330 enim
857 1266 893 1326 et
913 1259 1070 1328 Ministro
1093 1259 1253 1327 tribuitur
1275 1259 1381 1327 honor
1403 1283 1476 1349 pro·

225 1352 306 1437 pter
325 1347 504 1413 Dominum
527 1367 633 1426 suum,
655 1353 689 1412 et
714 1368 778 1431 quo
802 1348 908 1436 major
930 1348 1103 1429 Dominae,
1138 1369 1176 1414 eo
1222 1347 1328 1434 major
1371 1348 1478 1416 bonor

225 1434 394 1502 tribuitur
415 1440 450 1501 et
472 1433 627 1499 Ministro
649 1432 741 1519 ejus;
766 1438 928 1502 maximus
951 1438 1056 1503 honor
1079 1434 1243 1502 tribuitur
1276 1434 1477 1522 Imperatori

226 1526 306 1612 quia
330 1543 396 1588 non
418 1523 460 1588 ab
485 1520 616 1588 homine
638 1525 854 1605 constitutus,
875 1525 933 1591 sed
956 1528 1078 1591 unctus
1101 1530 1136 1589 et
1159 1522 1312 1589 Minister
1327 1523 1391 1590 Dei
1415 1529 1476 1605 est,

228 1609 289 1678 sed
312 1615 348 1676 et
371 1609 596 1677 sacerdotibus
618 1631 699 1676 suus
722 1609 825 1679 honor
850 1611 999 1698 debetur,
1023 1612 1102 1701 quia
1124 1617 1160 1678 et
1182 1612 1218 1677 hi
1240 1610 1391 1678 Ministri
1415 1613 1479 1679 Dei

228 1705 321 1764 sunt.
340 1697 437 1765 Hanc
459 1699 511 1764 sui
534 1698 924 1786 ipsiuslaestimationem
948 1701 984 1767 in
1007 1699 1244 1768 Sacerdotibus
1281 1721 1479 1767 conservare

226 1786 403 1856 Ecclesiae
424 1784 562 1874 perinde
584 1807 622 1852 ac
645 1785 804 1853 Civitatis
826 1787 1007 1876 plurimum
1019 1790 1172 1868 interest,
1185 1788 1377 1875 despectum
1390 1791 1476 1855 enim

226 1873 460 1942 Sacerdotium
482 1873 631 1954 vilescet,
655 1880 691 1941 et
713 1874 888 1964 despectus
911 1876 1096 1944 Sacerdotii
1119 1875 1344 1962 irreligionem
1363 1877 1479 1966 populi

227 1961 580 2052 demonstratSuper
602 1983 667 2048 quo
686 1962 757 2050 jam
777 1964 924 2050 gentiles
946 1963 1134 2032 Sacrifiouli
1156 1964 1394 2052 ingemuerunt
1432 1965 1479 2032 di-

226 2059 369 2120 centes:
895 2061 897 2066 '

363 2136 453 2222 Quid
476 2136 618 2204 coluisse
640 2137 720 2204 mihi
742 2144 804 2206 tua
825 2139 973 2208 Numina
994 2139 1158 2228 Delphice
1179 2137 1347 2227 prodest?

365 2230 439 2294 Aut
461 2232 587 2292 castam
609 2227 717 2293 vitem
740 2227 864 2294 multos
887 2227 1024 2296 duxisse
1047 2250 1107 2317 per
1129 2227 1266 2294 annosi

368 2313 499 2398 Quidve
517 2314 617 2402 juvat
639 2313 758 2381 Sacros
780 2316 931 2403 posuisse
953 2317 1119 2383 altaribus
1141 2315 1264 2403 ignee?

369 2401 406 2469 Si
428 2409 509 2468 tuus
531 2407 661 2469 interno
684 2403 751 2490 jam
773 2427 790 2470 s
814 2427 912 2471 eruor
933 2407 976 2471 ab
999 2404 1096 2471 hoste
1118 2403 1288 2471 Sacerdos.

325 2491 403 2558 Non
426 2494 545 2556 mirum
567 2512 656 2576 ergo,
679 2490 766 2578 quod
788 2426 902 2560 inieci
926 2515 961 2559 es
984 2492 1170 2562 Christiani
1192 2495 1374 2580 praeeunte
1412 2491 1480 2558 Ma·

229 2602 299 2667 gno
324 2579 546 2648 Constantino
569 2578 675 2667 primo
699 2578 891 2647 Christiano
903 2516 1130 2669 imperatore,
1155 2581 1213 2665 qui
1236 2579 1424 2668 exemplum
1446 2587 1482 2646 et

229 2663 479 2736 successoribus
502 2667 654 2733 omnibus
677 2666 890 2757 Principibus
913 2667 1117 2736 Christianis
1161 2671 1273 2736 iactus
1317 2673 1379 2749 est,
1424 2668 1482 2756 qui

228 2763 330 2823 tanta
352 2777 432 2842 erga
455 2754 586 2823 Clerum
611 2757 826 2822 veneratione
849 2757 1029 2838 ferebatur,
1054 2763 1189 2844 tamque
1211 2756 1347 2823 honoris
1391 2755 1482 2824 Cleri

229 2844 346 2914 studio
370 2843 588 2923 animabatur,
612 2848 652 2909 ut
674 2850 829 2930 paratum
852 2868 887 2911 se
910 2845 1142 2926 declaraverit,
1187 2843 1231 2911 ad
1254 2843 1480 2931 obtegendum

226 2932 334 3020 pallio
358 2954 417 2998 suo
440 2932 653 3018 imperatorio
676 2930 922 3020 delinquentem
952 2933 1176 3014 Sacerdotem,
1222 2955 1265 3000 ne
1309 2931 1480 3020 fragilitas

226 3019 302 3107 ejus
324 3021 360 3088 in
384 3020 525 3086 dedecus
548 3019 641 3085 Sacri
664 3019 791 3086 ordinis
814 3021 1067 3109 propalaretur;
1092 3043 1157 3111 quo
1181 3021 1298 3108 majori
1320 3021 1358 3086 in
1369 3021 1478 3088 Deum

226 3109 358 3196 pietate
380 3107 493 3175 affecti
515 3111 621 3186 erant,
646 3129 683 3172 eo
708 3109 813 3194 magis
837 3116 872 3175 et
894 3109 1081 3178 Sacerdotii
1104 3109 1221 3176 honori
1245 3116 1281 3175 et
1298 3108 1410 3175 decori
1420 3130 1481 3197 per

225 3196 458 3262 immunitates
480 3201 515 3261 et
537 3195 718 3282 privilegia
742 3204 994 3287 prospexerunt.
1020 3197 1181 3284 Exemplo
1227 3197 1274 3264 sit
1313 3196 1482 3282 piissimus

223 3283 418 3372 Imperator
440 3285 609 3362 Austriae,
633 3283 728 3371 cujus
752 3283 995 3352 Concordatum
1019 3307 1093 3351 cum
1116 3283 1149 3350 S.
1174 3284 1259 3350 Sede
1282 3285 1482 3372 Apostolioa

224 3372 361 3452 initum,
384 3378 580 3460 perpetuum
603 3382 655 3437 est
678 3380 926 3440 monumentum
972 3373 1094 3440 tributi
1128 3372 1321 3439 Sacerdotio
1346 3373 1484 3440 honoris

224 3467 264 3528 et
286 3460 510 3526 immunitatis
532 3458 711 3526 Ecclesiae.
741 3463 898 3529 Articulo
933 3462 1029 3530 XVI.
1053 3460 1253 3528 Concordati
1296 3461 1370 3526 vult
1392 3461 1484 3548 Apo-

224 3548 369 3616 stolicus
414 3548 488 3614 Rex
511 3554 545 3614 et
578 3547 774 3635 Imperator,
807 3561 847 3616 ut
881 3554 984 3618 sacris
1013 3548 1179 3616 Ministris
1221 3548 1322 3635 juxta
1367 3548 1482 3615 divina

224 3635 390 3704 mandata
413 3636 544 3702 debitus
568 3635 672 3701 honor
694 3642 857 3720 servetur,
881 3645 916 3706 et
938 3661 1051 3706 omues
1068 3635 1205 3724 Imperii
1227 3637 1281 3702 sui
1303 3636 1483 3722 Magistra·

225 3732 285 3791 tus
309 3724 449 3790 eundem
472 3730 652 3810 praestent.
676 3726 833 3792 Articulo
857 3733 969 3794 autem
1003 3725 1098 3794 XIV.
1126 3724 1286 3805 decrevit,
1310 3733 1350 3790 ut
1373 3727 1408 3790 in
1431 3723 1481 3801 iu·

225 3811 381 3880 dicandis
404 3812 635 3880 Sacerdotibus
660 3814 685 3877 ii
708 3814 932 3882 adbibeantur
943 3816 1040 3899 modi,
1063 3837 1146 3900 quos
1161 3815 1354 3882 reverentia
1371 3819 1485 3880 status

224 3898 394 3968 clericalis
417 3904 528 3988 exigit,
553 3900 640 3989 qnod
663 3905 691 3966 si
713 3924 773 3990 per
794 3903 980 3971 Ecclesiam
1013 3903 1198 3990 degradati,
1231 3900 1363 3987 juribus
1388 3898 1484 3966 cleri·

225 3987 359 4056 calibus
382 3988 475 4055 exuti
498 3999 599 4076 atque
622 3988 725 4074 judici
761 3992 934 4064 ,saeculari
967 3991 1088 4059 traditi
1134 3991 1323 4057 carceribus
1361 3988 1481 4054 manci-

224 4075 332 4166 pandi
354 4084 474 4157 esseut,
498 4079 693 4143 etiamtunc
716 4080 749 4141 in
773 4078 855 4145 locis
871 4103 891 4145 a
907 4079 1135 4148 saecularibus
1155 4077 1321 4166 separatis
1344 4097 1483 4166 poenam

224 4165 387 4250 subeaut3
397 4168 460 4231 imo
473 4188 531 4252 pro
543 4166 805 4232 circumstantiis
814 4168 932 4234 talium
941 4170 984 4234 ad
996 4167 1210 4235 claustralem
1222 4165 1323 4234 etiam
1338 4186 1478 4253 poenam

224 4253 393 4340 relegatio
416 4254 622 4342 adpromissa
643 4262 705 4320 est.
731 4256 883 4322 Articulo
906 4263 1018 4323 autem
1041 4255 1120 4322 XV.
1143 4253 1344 4322 Concordati
1358 4252 1485 4320 statuit

252 4341 401 4409 iissimus
423 4341 629 4430 Imperator:
679 4351 737 4422 ,ut
771 4343 955 4410 honoretur
998 4344 1115 4410 domus
1152 4341 1227 4424 Dei,
1251 4340 1309 4430 qui
1332 4348 1385 4408 est
1407 4341 1480 4408 Rex

264 4451 363 4516 egum
385 4436 420 4497 et
442 4430 604 4497 Dominus
647 4431 907 4513 Dominantium,
931 4454 1101 4500 sacrorum
1130 4429 1343 4520 Templornm
1366 4431 1483 4496 immu-

226 4518 322 4584 nitas
367 4527 527 4600 servetur,
574 4521 608 4586 in
652 4526 814 4608 quantum
848 4521 881 4587 id
913 4521 1046 4608 publica
1092 4521 1255 4587 securitas
1291 4525 1327 4585 et
1348 4516 1486 4606 justitia

226 4607 411 4674 admittit‘
438 4606 503 4674 Sed
528 4607 628 4676 babet
650 4609 767 4675 Clarus
796 4610 830 4672 in
861 4609 1006 4697 Imperio
1036 4608 1219 4676 Austrieco
1255 4606 1359 4674 etiam
1381 4604 1487 4694 privi-

225 4693 357 4782 legiu'm
380 4697 627 4782 competentiae,
652 4696 687 4761 vi
710 4696 805 4784 cujus
828 4697 949 4764 Clerici
962 4718 1038 4764 aere
1058 4697 1168 4763 alieno
1188 4695 1326 4782 gravati
1340 4713 1489 4780 congrua

227 4783 275 4854 ad
310 4782 382 4872 ejus
417 4786 695 4854 sustentationem
733 4785 906 4874 assignata
941 4785 1131 4854 executioni
1159 4781 1317 4871 judiciali
1349 4782 1487 4854 subesse
