3420 5358
877 307 945 376 1114

804 405 1009 414 ——---——-

274 536 370 599 tuum
394 530 468 597 311.κ
495 525 588 594 Idem
611 529 804 596 enunciavit
827 530 929 596 etiam
953 530 1104 599 Clemens
1128 529 1225 598 VIII.
1250 531 1283 596 in
1306 530 1532 598 instructione

273 641 335 710 pro
357 614 599 703 Italo-graecis.
624 616 781 686 Urbanus
804 617 903 687 VHI.
948 625 1071 700 autem,
1117 618 1153 688 in
1200 617 1279 686 fidei
1323 619 1532 708 professione

276 705 459 776 emittenda
482 704 524 771 ab
548 703 607 784 eis,
632 707 687 790 qui
712 727 730 774 e
754 706 933 774 schismate
957 707 1085 775 vellent
1108 707 1143 774 in
1160 707 1323 774 unionem
1359 707 1533 776 Ecclesiae

276 794 462 864 catholicae
485 791 595 860 redire
618 792 703 860 hanc
726 794 900 860 formulam
923 795 1164 884 praescripsit:
1192 795 1297 876 ,Item
1331 797 1534 865 sacramenti

275 881 479 955 matrimonii
503 880 674 948 vinculum
697 881 931 950 indissolubile
953 905 1035 962 esse,
1060 891 1094 950 et
1119 886 1418 972 quamvispropter
1434 883 1530 950 adnl-

275 972 409 1052 terium,
455 969 627 1049 haeresim,
650 976 724 1036 'aut
747 971 829 1038 alias
855 993 970 1037 causas
993 974 1100 1060 possit
1123 973 1214 1038 inter
1237 971 1396 1059 conjuges
1419 974 1487 1038 tori
1498 977 1532 1038 et

276 1057 539 1130 cohabitationis
563 1060 729 1144 separatio
752 1059 835 1139 fieri,
858 1080 924 1126 non
947 1065 1060 1125 tamen
1083 1059 1152 1125 illis
1176 1058 1269 1126 aliud
1285 1059 1533 1126 matrimonium

277 1147 474 1219 contrahere
497 1143 549 1212 fas
573 1153 672 1212 essa‘
700 1146 748 1214 nt
770 1147 972 1214 Benedictus
993 1146 1088 1215 XIV.
1136 1146 1388 1215 Constitutione
1437 1147 1534 1227 ,ersi

277 1235 493 1313 Ρ331013113,1
521 1232 735 1301 Matrimonia
753 1235 843 1302 inter
866 1235 1024 1322 conjuges
1047 1256 1186 1322 graecos
1211 1234 1332 1316 dirimi,
1379 1258 1438 1302 seu
1485 1235 1556 1314 di·-

276 1327 388 1395 vortia
411 1320 520 1412 quoad
545 1320 714 1389 vinculum
738 1323 810 1390 fieri
834 1322 1025 1390 nullomodo
1048 1326 1247 1412 patiantur3
1273 1329 1308 1390 et
1331 1326 1360 1389 si
1385 1323 1534 1409 quaeda

276 1415 368 1482 facto
391 1415 655 1500 praecesserunt,
680 1411 771 1478 nulla
794 1423 829 1478 et
852 1410 950 1477 irrita
974 1411 1155 1478 declarent.

278 1595 314 1689 ξ.
347 1589 444 1670 137.
471 1586 797 1669 Matrimonium
824 1590 972 1670 13111011
999 1591 1146 1670 ratum
1173 1589 1324 1688 solum,
1352 1589 1535 1670 sednon

279 1714 625 1799 consummatum
653 1713 1072 1830 Ι11311110103010110111
1101 1716 1150 1798 in
1192 1713 1357 1828 Ordine
1392 1716 1536 1797 Mona·

280 1842 387 1928 stieo
416 1840 601 1923 alterius
628 1837 876 1944 conjugum,
905 1843 949 1921 et
990 1865 1068 1942 per
1108 1841 1266 1922 summi
1305 1827 1535 1922 Pontificis

608 1965 870 2046 sententiam
907 1965 1022 2046 solvi
1049 1965 1203 2071 potest.

376 2110 626 2178 Matrimonium
646 2116 766 2190 ratum,
790 2109 936 2178 nondum
960 2115 1073 2178 tamen
1096 2118 1369 2190 consummatum,
1387 2133 1447 2199 per
1462 2134 1536 2200 pro·

280 2198 458 2266 sessionem
481 2199 698 2266 monasticam
721 2201 820 2265 unius
844 2198 1032 2285 conjugum,
1057 2199 1111 2266 vel
1143 2221 1204 2288 per
1250 2199 1300 2266 dis
1326 2200 1535 2268 cusationem

280 2293 316 2354 et
336 2287 538 2356 sententiam
562 2287 682 2352 summi
704 2285 880 2354 Pontificis
904 2287 989 2352 solvi
1013 2296 1109 2374 posse
1133 2287 1178 2353 ad
1200 2289 1228 2374 ξ.
1253 2288 1271 2354 1
1320 2335 1327 2352 .
1353 2287 1393 2354 de
1427 2289 1535 2376 Impe-

280 2375 428 2443 dimento
451 2375 623 2462 ligaminis
647 2375 910 2443 demonstratum
936 2382 997 2454 est,
1023 2375 1213 2462 etquidem
1238 2398 1280 2444 ex
1303 2373 1445 2457 ratione,
1457 2399 1535 2465 quo·

280 2463 370 2531 niam
390 2463 488 2550 juxte
512 2463 778 2530 enunciationem
800 2462 989 2554 Innocentil
1011 2463 1077 2530 III.
1111 2463 1308 2532 Pontificis:
1334 2461 1535 2552 Conjugrum

280 2550 375 2633 illud,
400 2549 488 2640 quod
511 2573 578 2616 non
604 2557 657 2618 est
692 2551 924 2618 commixtione
955 2573 1130 2638 corporum
1165 2557 1440 2625 consummatum.
1466 2575 1533 2620 11011

279 2642 427 2727 pertinet
449 2637 491 2705 ad
513 2638 600 2706 illud
623 2637 812 2726 conjugium
838 2638 1088 2723 designandum,
1113 2640 1201 2726 quod
1232 2640 1324 2707 inter
1360 2641 1536 2710 Christum

281 2733 317 2796 et
338 2727 522 2797 Ecclesiam
546 2748 605 2816 per
627 2727 872 2796 incarnationis
896 2729 1095 2815 mysterium
1119 2732 1415 2796 eet'contractum.

787 2920 936 3034 1111111
974 2921 1048 3034 111.

627 3107 698 3182 03
724 3105 895 3184 assus
922 3104 1182 3184 3110111113.

693 3303 727 3396 ξ.
773 3298 866 3380 138.
894 3297 1125 3402 Prologus.

246 3466 264 3488 ,-
377 3424 434 3494 Ad
457 3447 510 3493 103
534 3433 693 3506 sacratas,
718 3445 802 3513 quae
825 3421 962 3511 speciali
985 3420 1056 3488 ritu
1080 3443 1175 3490 sacro
1199 3421 1241 3489 ad
1267 3422 1541 3510 linemspiritua-

40 3489 244 3612 f
281 3511 345 3580 lem
370 3512 592 3597 destinantur,
616 3519 791 3603 spectant:
817 3511 962 3598 Tempus
987 3517 1166 3594 sacratum,
1197 3511 1288 3578 Loca
1333 3517 1480 3593 sacrata,
1506 3518 1542 3580 et

283 3600 435 3691 supellex
456 3624 559 3686 sacra,
584 3601 768 3692 dequibus
792 3599 911 3689 Capite
941 3597 1003 3666 hoc
1027 3603 1152 3684 agitur.

576 3783 611 3876 ξ.
643 3778 736 3860 139.
759 3779 1028 3880 Detempore
1056 3778 1240 3859 secrato.

379 3925 523 4014 Tempus
546 3931 715 3993 sacratum
740 3930 801 4006 est,
825 3923 913 4013 quod
937 3925 1043 3992 cultui
1068 3923 1182 3992 divino
1207 3947 1279 3991 cum
1304 3921 1542 3988 abstinentias

283 4012 453 4081 laboribus
477 4014 657 4081 servilibus
680 4019 848 4081 sacratum
872 4019 932 4082 est.
957 4013 1038 4078 Dies
1063 4013 1222 4100 temporis
1246 4009 1370 4078 sacrati
1384 4018 1468 4076 sunt
1483 4009 1542 4076 alii

283 4102 372 4184 10311,
397 4101 456 4169 alii
480 4101 747 4190 poenitentiales,
772 4101 898 4190 jejunii,
933 4123 1072 4189 quorum
1109 4101 1239 4190 aliquos
1271 4123 1310 4165 ex
1355 4096 1542 4186 apostolica

283 4190 466 4257 traditione
488 4196 649 4271 tenemus,
674 4191 803 4280 aliquos
827 4189 979 4256 Ecclesia
1002 4189 1137 4278 propria
1160 4193 1330 4276 potestate
1348 4187 1541 4268 constituit,

285 4283 319 4346 01
342 4277 385 4345 ad
407 4277 600 4347 Calendarii
624 4277 841 4347 ecclesiastici
866 4299 1015 4344 normam
1039 4278 1194 4345 servandi
1218 4283 1307 4344 sunt.

607 4458 641 4551 ἓ.
676 4455 769 4538 140.
799 4451 933 4558 Origo
974 4455 1214 4538 Fastorum.

381 4601 489 4669 Prout
510 4601 567 4668 lex
591 4604 730 4688 antiqua
753 4624 829 4669 suos
854 4599 974 4668 habuit
998 4601 1102 4670 133103
1126 4601 1197 4669 dies
1221 4601 1327 4668 cultui
1350 4598 1416 4668 Dei
1456 4600 1541 4668 dica·

285 4695 349 4772 tos,
373 4688 422 4758 ita
447 4687 483 4755 in
506 4687 577 4776 lege
603 4712 689 4756 nova
713 4693 824 4756 sensui
849 4689 995 4777 ejusdem
1022 4690 1200 4756 conformia
1248 4689 1334 4754 festa
1380 4689 1541 4756 instituta
