3420 5358
777 347 842 416 aaa

704 445 909 454 ———..-.

172 579 206 638 et
227 571 437 660 pedetentim
459 575 510 637 est
533 592 554 634 a
577 591 642 636 nen
665 569 779 660 paucis
811 571 1021 661 corruptelis,
1060 593 1144 661 quae
1178 570 1273 659 prius
1296 571 1427 639 obtinu-

171 663 279 727 erunt
303 657 386 728 Dixi
428 656 591 740 ,nendum
626 657 750 726 abusus
786 679 898 742 omnes
938 659 1083 727 abolitos
1117 680 1190 726 esse
1203 667 1229 744 ;‘
1262 659 1427 746 siquidem

171 768 278 834 usque
300 746 345 814 ad
370 748 450 814 haee
463 745 544 814 'fere
567 751 718 834 tempera
743 747 941 834 praesertim
973 748 1007 814 in
1041 746 1204 816 catholiea
1248 747 1429 814 transilva-

171 833 280 903 nieusi
302 835 474 923 provincia
511 833 724 902 matrimonia
750 833 1022 903 dissolvebantur
1044 836 1085 902 eb
1123 835 1301 924 probatum
1335 833 1428 901 adul·

171 925 296 992 terium
319 928 355 990 at
400 920 538 990 erfidam
577 920 808 1003 desertionem,
846 945 931 1010 quae
953 929 993 992 ut
1020 923 1200 1013 plurimum
1223 921 1427 989 adulterium

170 1011 327 1080 involvit.
394 1033 458 1099 que
481 1011 543 1079 sub
568 1009 710 1078 obtentu
739 1009 828 1098 quod
862 1011 906 1078 iis
940 1033 1079 1079 assera
1118 1009 1203 1078 Sede
1226 1009 1425 1164 Apostolica

171 1121 364 1168 eoncessum
388 1099 492 1167 fuerit
514 1098 550 1165 in
573 1103 653 1166 actu
674 1100 816 1180 unionis,
841 1121 905 1187 que
940 1100 1030 1167 tacta
1053 1105 1107 1166 est
1129 1120 1216 1166 anne
1241 1097 1259 1162 1
1284 1097 1338 1166 99.
1361 1097 1427 1164 Im·

170 1187 340 1278 perstetis
363 1185 524 1278 Leepeldi
553 1185 765 1290 potissimum
800 1209 909 1274 opera.
940 1187 1018 1254 Jam
1048 1207 1127 1254 vero
1157 1207 1329 1276 perperam
1363 1185 1429 1276 ipsi

169 1281 351 1345 autumant
373 1275 435 1343 hae
456 1295 627 1343 occasione
649 1275 773 1360 absque
817 1275 888 1342 ulla
910 1276 1124 1344 restrictione
1135 1274 1352 1363 permisssum
1376 1274 1428 1342 eis

170 1364 277 1433 tuisse
307 1362 476 1452 propriam
513 1362 723 1452 disciplinam
759 1362 923 1430 moderari
955 1365 1053 1452 juxta
1087 1362 1270 1442 Pravilam,
1306 1383 1428 1451 cerpus

166 1452 256 1542 juris
277 1450 451 1520 Ecclesiae
472 1453 621 1540 graecae,
646 1449 734 1536 quod
758 1450 926 1538 digestum
949 1457 1022 1522 erat
1038 1451 1296 1519 anteunienem.
1321 1451 1427 1518 Perre

170 1539 516 1630 praeterquamquod
538 1538 669 1632 nullum
693 1538 822 1607 Romae
846 1539 946 1627 hujus
979 1539 1203 1608 concessionis
1226 1540 1344 1606 existit
1368 1539 1426 1606 de·

170 1634 372 1709 rumentum,
392 1632 519 1696 certum
543 1633 596 1695 est
640 1626 705 1694 uod
728 1627 762 1694 in
804 1625 987 1714 diplomate
1021 1629 1240 1717 Imperatoris
1262 1625 1425 1716 Leopeldi

173 1718 253 1786 date
266 1716 321 1785 die
342 1715 393 1782 16.
417 1715 578 1785 Februar.
604 1649 700 1782 rbus.
713 1715 809 1802 genti
823 1715 1003 1798 Valacbae,
1026 1737 1170 1805 greaoae
1193 1722 1228 1783 et
1247 1715 1425 1798 ruthenae,

169 1803 701 1963 fittttmttfifififit
715 1802 1430 1982 tlttttttfitltfittotta

741 1941 748 1972 l

170 1981 319 2052 conditio
343 1980 485 2062 unionis,
509 1981 596 2070 qued
620 1981 711 2048 dicta
731 1981 826 2049 natio
852 1986 1044 2050 teneretur:
1084 1982 1221 2064 ,Omnia
1244 2004 1282 2048 ea
1305 1980 1426 2060 admit·

170 2079 251 2154 tere,
275 2068 438 2174 profiteri,
462 2067 666 2150 accredere,
712 2089 796 2156 qaae
830 2075 949 2138 sancta
975 2077 1083 2138 mater
1110 2069 1265 2138 Ecclesia
1289 2090 1427 2136 romana
1502 2065 1505 2074 ’

170 2159 338 2228 catholica
367 2157 526 2239 admittit,
557 2156 738 2245 profitetur
759 2161 795 2225 et
817 2159 972 2244 credita.
1011 2158 1085 2226 Hoc
1119 2158 1269 2246 diploma
1293 2157 1428 2243 publice

171 2249 300 2317 laetum
322 2249 376 2312 ast
397 2247 432 2312 in
477 2245 621 2313 comitiis
664 2245 879 2333 generalibus
925 2247 1192 2327 Transilvaniae,
1235 2248 1315 2336 quin
1354 2245 1428 2311 ulla

170 2336 268 2406 fieret
290 2332 467 2424 oppositio,
491 2333 544 2402 die
567 2333 598 2400 8.
623 2333 715 2423 Sept.
739 2333 841 2419 1699;
865 2357 940 2403 cum
964 2341 1077 2402 autem
1098 2336 1190 2402 inter
1207 2343 1328 2413 cetera,
1341 2353 1429 2421 quae

171 2423 333 2505 admittit,
356 2421 535 2510 profitetur
558 2426 593 2489 et
615 2422 723 2490 credit
734 2421 887 2490 Ecclesia
904 2445 1048 2504 romana,
1076 2425 1124 2491 sit
1147 2422 1248 2490 etiam
1263 2422 1430 2489 articulus

172 2511 213 2580 de
234 2509 392 2581 absolata
414 2509 712 2578 indissolubilitate
733 2511 937 2579 matrimonii
962 2511 1137 2580 christiani
1162 2513 1262 2577 etiam
1287 2511 1320 2575 in
1345 2531 1430 2576 casu

170 2598 343 2679 adulterii,
366 2619 426 2666 nec
448 2620 524 2666 eum
546 2598 699 2685 ignorare
721 2606 812 2668 certe
834 2607 972 2689 possent
1001 2600 1115 2687 graeci
1137 2599 1200 2679 illi,
1224 2600 1281 2686 qui
1306 2618 1342 2664 se
1366 2597 1430 2664 Ee·

169 2689 292 2758 clasiae
314 2686 498 2755 catholicae
520 2687 712 2768 adiverunt,
747 2688 846 2778 plana
879 2689 1095 2777 consequitur
1117 2688 1208 2755 baad
1233 2687 1349 2753 datam
1375 2687 1428 2752 eis

170 2799 243 2848 ease
265 2775 456 2844 libertatem
479 2774 633 2842 sectandi
655 2774 717 2843 boe
739 2775 942 2845 inerticula
977 2777 1153 2866 antiquum
1176 2773 1261 2842 illud
1283 2768 1340 2863 jus
1364 2773 1432 2842 Ca·

170 2865 326 2934 aericum
351 2864 425 2948 (sen
455 2862 616 2950 Pravila).
1386 2908 1389 2916 ι

268 2951 398 3038 Quodsi
419 2957 496 3040 post
518 2951 673 3019 unionem
697 2949 806 3019 adhue
828 2952 968 3020 inolitus
986 2952 1041 3022 hie
1057 2949 1182 3020 abusus
1197 2948 1431 3040 perseveravit

171 3039 380 3108 dissolvendi
402 3046 540 3130 prepter
562 3037 768 3107 adulterium
789 3059 828 3108 ae
850 3040 1012 3130 perfidam
1048 3040 1272 3107 desertionem
1317 3038 1429 3126 conju·

169 3129 274 3217 giam
297 3127 335 3195 id
356 3129 482 3196 tactum
506 3132 559 3196 est
582 3133 701 3195 centra
722 3127 895 3199 Ecclesiae
918 3129 1090 3196 Romanae
1114 3135 1268 3195 mentem.
1303 3125 1431 3194 Verum

171 3224 285 3285 tamea
308 3215 471 3284 firmitate
493 3238 533 3283 ae
554 3214 808 3303 perseverantia
844 3216 1138 3304 Eegarasiensium
1184 3215 1430 3304 Episcoporum

171 3304 335 3394 ejusmodi
358 3303 536 3372 dissolutio
560 3303 719 3372 cessavit.

267 3392 370 3462 Sacra
394 3394 496 3460 etiam
519 3391 622 3460 Sedes
644 3391 845 3480 Apostolica
869 3412 1036 3479 nunquam
1060 3390 1204 3472 destitit,
1238 3389 1370 3477 quoties
1392 3411 1430 3458 se

172 3503 207 3548 se
230 3481 359 3549 obtulit
380 3481 518 3560 occasio,
542 3480 584 3547 ab
608 3479 772 3569 ejusmodi
796 3479 955 3548 abusibus
987 3477 1224 3568 improbandis.
1257 3478 1431 3564 Eugenius

172 3567 234 3638 1v.
257 3567 417 3637 Pontifex
438 3570 474 3636 in
497 3567 632 3636 decreto
656 3568 789 3636 unionis
812 3570 1045 3648 Armenorum,
1070 3567 1257 3634 doctrinam
1296 3565 1336 3632 de
1380 3565 1429 3632 ia·

173 3656 435 3726 dissolubilitate
457 3656 663 3725 matrimonii
687 3656 740 3724 his
763 3657 876 3725 verbis
899 3656 1175 3745 complexusest:
1204 3654 1431 3742 ,assignatur

172 3753 286 3814 autem
308 3746 356 3813 tri
380 3745 436 3813 lex
457 3745 581 3812 benum
604 3743 821 3813 matrimonii.
844 3744 995 3812 Primum
1018 3751 1071 3812 eat
1116 3740 1431 3830 rolessuseipienda

172 3841 208 3902 at
230 3769 403 3901 educanda
425 3833 470 3900 ad
491 3832 620 3902 cultum
642 3832 718 3900 Dei.
742 3832 931 3902 Secundum
962 3839 1014 3900 est
1060 3767 1154 3912 fides,
1201 3854 1298 3922 quam
1345 3851 1432 3897 unus

172 3922 352 4013 conjugum
375 3922 475 3990 alteri
498 3942 634 3991 servare
658 3917 767 3990 debet.
792 3921 944 3990 Tertium
968 3920 1225 3989 indivisibilitas
1264 3919 1431 3987 matrime

171 4005 1433 4182 ”clafifittttattufittttfitlttttntfittfittt

171 4187 240 4262 teri
264 4187 511 4275 separatienem
533 4186 654 4266 tacere,
677 4207 744 4253 non
766 4191 881 4255 tamen
904 4185 997 4254 aliud
1021 4183 1268 4252 matrimonium
1302 4187 1432 4252 centra·
1514 4247 1517 4253 i

174 4276 256 4345 bere
279 4273 333 4342 fas
355 4281 417 4356 est,
442 4298 516 4345 eum
539 4273 745 4343 matrimonii
771 4273 938 4343 vinculum
960 4273 1111 4362 legitime
1134 4273 1297 4342 contracti
1320 4291 1435 4362 perpe·

257 4455 274 4524 ¹)
293 4453 400 4525 Nempe
421 4453 447 4524 1)
466 4454 500 4510 de
520 4454 647 4510 Romane
676 4451 809 4510 Pontifiee
846 4467 979 4524 supreme
1006 4450 1091 4508 tetius
1117 4451 1259 4508 Ecclesiae
1281 4451 1387 4522 eapite;
1404 4447 1434 4520 2)

176 4527 211 4582 de
232 4525 451 4582 Consecratiene
471 4525 660 4581 Eucharistiae
680 4524 709 4580 in
727 4541 800 4598 pane
820 4540 919 4598 azyme
954 4523 1118 4592 sellieienti3
1147 4523 1174 4594 3)
1201 4525 1235 4582 de
1255 4521 1434 4596 purgatori03

173 4598 203 4670 4)
222 4599 258 4655 de
281 4597 462 4669 precessione
482 4599 601 4669 Spiritus
621 4597 713 4652 Sancti
741 4597 826 4654 etiarn
847 4597 957 4652 allilia.

251 4669 274 4742 ²)
294 4670 384 4742 liujus
404 4669 563 4741 diplomatis
583 4673 787 4740 transumptum
814 4669 892 4726 adest
912 4669 940 4723 in
962 4668 1083 4726 archivis
1103 4669 1130 4724 S.
1152 4665 1382 4738 Congregatienis
1401 4663 1438 4719 de

176 4743 360 4815 propaganda
389 4740 451 4796 fide.
