3464 5366
866 403 978 502 11.-.

274 636 410 680 aeorum
435 618 612 698 bominum,
636 619 722 706 quod
745 618 850 704 ipsam
868 620 1010 706 amplius
1035 621 1185 684 laesurus
1209 640 1274 682 nou
1297 616 1352 682 sit.
1377 620 1410 701 2)
1457 616 1513 683 Se·

274 705 386 788 parari
408 708 520 790 potest
543 705 662 772 mulier
684 703 784 771 etiam
808 711 898 784 tunc,
923 706 999 772 dum
1023 705 1155 793 quidem
1179 725 1253 772 cum
1276 695 1522 791 maritopacem

275 789 387 873 habet,
412 791 471 858 sed
493 816 512 857 a
535 793 688 878 cognatis
711 792 824 858 mariti
848 793 961 860 eodem
985 793 1152 861 domicilio
1174 791 1348 866 utentibus
1363 791 1522 858 continuo

276 876 442 966 affligitur
464 886 499 946 et
522 881 607 946 male
631 886 808 948 tractatur.
832 879 867 968 3)
891 881 932 948 In
957 903 1045 961 casu,
1066 880 1097 948 si
1119 879 1260 948 maritus
1283 901 1345 967 pro
1368 902 1403 946 se
1412 878 1524 946 nullos

275 971 425 1034 statuere
448 969 597 1056 potuerit
620 970 722 1035 vades
745 969 787 1036 ad
811 969 1064 1036 assecurandam
1088 990 1223 1035 uxorem
1265 990 1361 1050 ,suam
1406 974 1525 1034 contra

274 1052 438 1122 laesiones
462 1063 496 1122 et
520 1057 730 1136 afflictiones,
755 1057 870 1126 videat
892 1057 996 1144 judex
1018 1081 1097 1124 num
1118 1056 1232 1144 jurato
1256 1056 1419 1144 promisso
1458 1077 1525 1120 ma-

275 1141 336 1209 riti
358 1142 441 1210 fides
464 1144 537 1210 dari
560 1145 668 1232 possit
690 1167 750 1211 nec
773 1144 838 1212 ne?
860 1145 896 1232 4)
920 1145 1007 1211 Dum
1031 1153 1207 1234 separatur
1230 1166 1315 1210 uxor
1337 1143 1378 1210 ob
1400 1147 1525 1210 metum

276 1231 399 1313 mariti,
423 1232 660 1300 constituenda
682 1239 735 1300 est
757 1232 792 1300 in
815 1233 924 1302 locum
947 1256 1098 1300 securum
1121 1233 1163 1299 ad
1199 1254 1360 1318 expensas
1395 1231 1525 1310 mariti,

276 1317 379 1386 donec
401 1342 501 1387 causa
523 1319 707 1388 decidatur.
731 1321 766 1406 5)
790 1321 939 1403 Quodsi
978 1323 1118 1400 maritus
1142 1343 1216 1389 cum
1236 1319 1427 1408 juramento
1470 1317 1525 1383 ad-

274 1407 438 1493 promisit,
463 1431 498 1474 se
521 1431 587 1475 non
610 1411 863 1477 verberaturum
886 1431 1021 1477 uxorem
1045 1432 1139 1476 auam
1152 1410 1193 1475 ob
1206 1408 1416 1478 commissum
1432 1405 1526 1472 adul-

276 1495 407 1576 terium,
432 1497 505 1584 ipsa
527 1505 639 1564 autem
661 1519 796 1564 reversa
820 1504 855 1565 at
877 1508 1012 1585 recepta
1033 1520 1093 1586 per
1116 1497 1274 1563 maritum
1296 1495 1419 1562 iterum
1434 1494 1527 1560 adul·

275 1583 399 1685 terium
422 1585 621 1669 committat,
646 1584 828 1653 crudelitas
852 1587 966 1653 mariti
990 1608 1055 1652 non
1086 1584 1318 1674 imputabitur.
1366 1583 1401 1672 6)
1449 1581 1525 1650 Νοιι

275 1670 420 1762 violavit
442 1674 584 1741 maritus
607 1673 805 1762 promissum
830 1675 869 1741 de
892 1697 958 1740 non
982 1675 1162 1740 saeviendo
1185 1673 1220 1739 in
1244 1693 1389 1750 uxorem,
1411 1670 1443 1742 ¹si
1453 1692 1524 1736 eam

274 1765 413 1848 propter
434 1761 566 1846 culpam
589 1761 712 1830 leviter
733 1761 960 1850 percussisset
988 1763 1022 1847 7)
1046 1759 1225 1848 Obligatur
1247 1759 1520 1854 judex0metuen-

274 1857 343 1912 tem
367 1870 502 1916 uxorem
526 1850 649 1917 marito
692 1851 882 1932 restituere,
906 1849 1081 1917 dummodo
1125 1848 1331 1917 assecuratio
1355 1845 1527 1914 sufficiens

273 1936 370 2037 uxori
393 1942 594 2025 praestetur,
618 1945 653 2006 et
676 1961 743 2006 non
765 1939 812 2004 sit
834 1941 989 2028 suspec'ta
1010 1937 1186 2026 promissio
1201 1937 1323 2021 mariti,
1333 1933 1422 2024 quod
1434 1942 1526 2001 recte

274 2023 349 2090 adeo
372 2031 505 2114 repetat
528 2048 673 2109 uxorem,
697 2032 737 2094 ut
761 2027 945 2097 vindictam
968 2049 1063 2094 suam
1108 2026 1276 2092 exsaciare
1321 2022 1441 2112 possit.
1489 2021 1527 2088 Si

274 2119 385 2179 autem
409 2136 493 2180 uxor
495 2121 634 2206 ¹parata
657 2110 803 2182 redierit¹
818 2115 861 2182 ad
884 2138 1020 2184 saevum
1043 2115 1210 2195 maritum,
1234 2113 1270 2178 in
1293 2112 1365 2200 ejus
1379 2111 1521 2178 arbitrio

274 2200 376 2269 situm
401 2203 457 2269 sit.
500 2202 507 2214 '
1178 2198 1183 2209 '

277 2373 285 2389 .
369 2289 405 2357 0.
430 2290 504 2358 187.
519 2291 553 2378 1)
566 2289 709 2358 Maritus
732 2289 833 2356 habet
856 2288 909 2376 jus
932 2287 1526 2378 abigendiuxoremsineinterventu

271 2376 404 2462 pudicis,
429 2380 458 2450 si
481 2379 622 2454 uxorin
642 2377 809 2446 adulterio
832 2377 1032 2461 inveniatur,
1057 2378 1100 2446 ad
1123 2380 1184 2446 hoc
1207 2385 1318 2446 tamen
1341 2397 1428 2442 unua
1446 2384 1523 2441 tan·

273 2471 346 2532 tum
369 2467 468 2535 testis
492 2468 624 2535 etiamsi
646 2467 835 2554 fidedignus
857 2489 923 2533 non
946 2468 1082 2535 sufficit.
1104 2466 1279 2535 Occultum
1304 2463 1522 2531 autemadul-

273 2553 395 2622 terium
418 2577 527 2624 coram
549 2555 661 2644 judice
683 2557 817 2644 probari
841 2554 948 2622 debet.
973 2555 1008 2644 2)
1034 2555 1201 2623 Similiter
1245 2560 1359 2643 potest
1404 2551 1525 2617 mulier

275 2640 425 2711 deserere
445 2643 556 2722 virum
578 2645 612 2710 in
626 2643 792 2711 adulterio
804 2645 1085 2732 comprehensum,
1109 2667 1174 2710 non
1198 2665 1278 2710 vero
1301 2641 1342 2708 ob
1359 2639 1527 2708 occultum

273 2731 477 2800 adulterium
499 2733 605 2822 primo
630 2754 739 2800 coram
758 2732 872 2820 judice
916 2732 1134 2820 probandum.
1158 2731 1193 2820 3)
1240 2730 1308 2813 Qui
1354 2727 1528 2796 mulierem

119 2877 138 2893 a
171 2851 172 2854 ¹
273 2841 368 2888 suam
390 2821 498 2908 abigit
522 2822 645 2909 absque
668 2821 822 2908 legitima
843 2842 944 2887 causa
967 2823 1108 2909 punitur
1131 2842 1191 2909 pro
1215 2818 1354 2886 arbitrio
1392 2816 1525 2904 judicis,

273 2914 308 2976 et
331 2909 450 2977 mulier
472 2909 593 2997 recipit
616 2910 737 2976 dotem.
760 2908 796 2998 4)
823 2908 919 2991 Quod
943 2909 972 2975 si
1017 2917 1173 2997 separata
1218 2907 1324 2974 fuerit
1363 2904 1484 2971 mulier
1506 2926 1527 2969 a

275 2998 346 3065 viro
370 2998 442 3066 sine
465 2997 562 3084 culpa
585 2997 696 3086 hujus,
719 3020 792 3064 cum
816 3019 978 3064 consensu
1001 2998 1084 3084 ejus,
1107 2996 1252 3062 ,maritus
1282 2992 1527 3061 intertentione

273 3111 339 3154 non
361 3093 516 3174 tenetur,
541 3087 570 3153 si
595 3108 673 3153 varo
697 3088 737 3152 ob
761 3087 891 3172 culpam
916 3087 1037 3166 mariti,
1063 3086 1116 3153 hio
1139 3084 1236 3152 uxori
1259 3105 1339 3150 suae
1362 3081 1525 3148 interten-

273 3179 397 3244 tionem
420 3176 500 3245 dare
523 3174 703 3261 obligatur.
726 3175 760 3260 5)
783 3169 930 3240 Mulieri
950 3175 990 3240 ob
1015 3174 1137 3242 crimen
1160 3173 1197 3239 in
1220 3193 1367 3238 carceres
1390 3191 1451 3258 per
1472 3169 1526 3256 ju·

274 3265 379 3332 dicem
402 3266 578 3354 conjectae,
604 3264 745 3329 maritus
768 3262 1043 3330 intertentionem
1067 3262 1147 3328 dare
1169 3284 1236 3327 non
1260 3259 1440 3346 obligatur.
1488 3256 1523 3346 6)

273 3355 478 3442 Separantur
501 3355 657 3441 conjuges
681 3351 759 3418 dum
781 3373 867 3418 unua
890 3352 1035 3418 alterum
1059 3351 1100 3416 ad
1124 3350 1248 3418 crimen
1280 3347 1333 3414 vel
1357 3345 1525 3413 haeresim

273 3443 389 3509 allicit.
414 3443 449 3531 7)
473 3443 506 3508 A
530 3445 649 3508 marito
673 3440 826 3507 usurario
850 3460 933 3506 uxor
956 3439 1105 3528 separari
1129 3439 1254 3526 nequit.
1279 3436 1313 3522 8)
1338 3435 1374 3501 Si
1398 3433 1522 3500 mulier

272 3530 466 3619 praestigiis
489 3552 550 3597 usa
573 3529 676 3596 fuerit
699 3541 739 3595 ut
761 3534 879 3596 noceat
904 3528 985 3610 viro,
1010 3529 1050 3594 ab
1075 3529 1135 3594 hoo
1159 3527 1251 3613 abigi
1264 3530 1385 3613 potest.
1402 3522 1437 3611 9)
1452 3521 1524 3590 Mu-

272 3621 345 3701 lier,
369 3641 453 3707 quae
476 3619 625 3686 deseruit
647 3618 802 3685 maritum
826 3616 898 3682 sina
921 3617 1009 3684 scitu
1033 3617 1115 3701 eius,
1138 3621 1251 3703 potest
1281 3619 1396 3701 petere
1431 3633 1450 3676 a
1470 3609 1524 3698 ju·

274 3707 354 3789 dice,
379 3713 449 3774 uta
472 3708 593 3774 marito
616 3706 798 3794 recipiatur
811 3730 818 3792 ;
843 3705 872 3771 si
896 3713 1008 3771 autem
1033 3705 1175 3770 maritus
1199 3701 1347 3788 recipere
1362 3697 1523 3776 noluerit,

273 3795 546 3863 intertentionem
570 3796 820 3862 convenientem
859 3793 962 3874 dabit,
988 3793 1092 3861 donec
1116 3815 1201 3860 uxor
1245 3798 1341 3858 extra
1387 3787 1524 3854 domum

273 3884 345 3972 ejus
369 3893 569 3952 commorata
591 3884 704 3951 fuerit.
731 3883 784 3959 10)
809 3882 846 3950 Si
871 3881 989 3948 mulier
1009 3881 1151 3949 noluerit
1174 3879 1308 3947 obedire
1321 3874 1448 3965 judicio
1474 3897 1525 3942 ec·

274 3973 402 4054 clasiae,
428 3981 466 4039 ut
488 3975 531 4040 ad
555 3972 712 4039 maritum
734 3977 935 4050 revertatur,
960 3970 1018 4058 qui
1042 3992 1114 4036 eam
1138 3975 1246 4050 vocat,
1271 3972 1332 4032 aut
1355 3965 1383 4030 si
1409 3965 1449 4029 ob
1474 3964 1526 4028 vi·

273 4065 359 4132 tium
382 4061 546 4150 quoddam
570 4060 683 4130 mariti
707 4059 854 4127 deseruit
877 4081 964 4139 eum,
986 4055 1014 4123 is
1037 4065 1149 4125 autem
1172 4080 1207 4123 se
1232 4052 1433 4132 emendavit,
1460 4073 1526 4118 ma·

272 4154 360 4220 ritus
381 4152 437 4238 jus
460 4149 562 4217 habet
584 4171 720 4216 uxorem
738 4171 836 4224 ¹suam
859 4146 1027 4213 mediante
1071 4145 1207 4212 brachio
1233 4142 1326 4211 civili
1351 4140 1394 4207 ad
1417 4163 1452 4206 se
1476 4161 1526 4206 re·

274 4239 424 4308 ducendi.
450 4238 505 4326 11)
529 4239 709 4326 Separatur
731 4259 816 4304 uxor
838 4259 857 4302 a
881 4235 1002 4300 marito
1025 4234 1097 4300 sine
1113 4234 1312 4300 interventu
1332 4228 1466 4313 judicis,
1491 4227 1523 4294 si

273 4328 414 4397 maritus
437 4328 548 4395 factus
571 4328 617 4392 sit
639 4325 794 4416 publicus
817 4321 1016 4404 haereticus,
1041 4330 1101 4389 aut
1130 4344 1211 4390 usus
1254 4318 1359 4387 fuerit
1384 4325 1459 4383 arte
1484 4317 1527 4382 ad

274 4415 456 4484 nocendum
479 4419 584 4497 uxori,
608 4421 669 4483 aut
693 4415 719 4484 si
756 4414 916 4481 alimenta
960 4419 996 4478 et
1040 4411 1241 4479 vestimenta
1287 4405 1528 4475 convenientia

274 4503 466 4573 subtrahat.

372 4592 410 4660 0.
434 4592 508 4659 188.
532 4593 583 4659 De
606 4591 809 4676 obligatione
851 4589 965 4656 uxoris
990 4588 1149 4678 sequendi
1170 4587 1326 4654 maritum
1351 4607 1465 4651 suum:
1493 4582 1526 4669 1)

274 4681 455 4770 Obligatur
476 4681 599 4748 mulier
621 4685 716 4768 sequi
739 4678 895 4744 maritum
919 4700 1025 4761 suum,
1072 4677 1100 4743 si
1123 4700 1164 4744 ex
1187 4697 1287 4743 causa
1331 4693 1526 4764 quacunque

273 4768 470 4840 rationabili
493 4775 598 4840 mutet
621 4767 728 4837 locam
752 4766 922 4846 domicilii,
946 4773 1071 4854 utpote,
1096 4767 1137 4832 ob
1162 4765 1319 4852 majorem
1352 4759 1526 4829 commodi·
