3420 5358
871 407 937 474 280

797 505 1002 514 m...-

268 626 508 698 deliberatione
530 631 628 712 inita,
649 631 784 697 uberem
809 631 971 698 malorum
983 631 1157 699 continent
1169 630 1331 698 fomitem.
1358 631 1514 716 Quocirca

267 716 387 784 illicita
409 724 489 785 sunt
512 718 732 799 matrimonia,
759 740 843 807 quae
866 721 1063 808 parentibus
1082 718 1186 807 justis
1209 742 1251 786 ex
1276 723 1515 788 oansisaaaeu·

266 826 339 876 sum
363 803 606 896 denegantibus
630 807 887 876 contrahuntur.

606 987 641 1082 ἓ.
674 985 767 1068 125.
796 985 993 1070 Vetitum
1022 986 1173 1068 status.

360 1127 512 1196 Ecclesia
535 1152 601 1218 qna
624 1136 908 1200 sacramentorum
931 1129 1168 1219 dispensatrix,
1192 1130 1290 1219 ponit
1306 1128 1518 1196 matrimonio

264 1216 497 1304 impedimenta
520 1217 651 1286 ratione
674 1219 872 1288 sacramenti
906 1219 968 1286 sub
997 1219 1159 1286 nullitate
1193 1224 1300 1302 actus,
1336 1221 1407 1285 sive
1441 1218 1519 1284 diri·

265 1305 413 1390 mentia;
439 1311 550 1373 status
574 1306 684 1374 civilis
708 1313 819 1375 antem
842 1314 1005 1396 quantum
1028 1312 1140 1374 status
1163 1307 1276 1374 civilis
1299 1308 1421 1372 bonum
1445 1328 1519 1373 con·

265 1393 370 1459 cernit
392 1394 488 1482 ponit
511 1394 749 1482 impedimenta
772 1396 977 1485 prohibitiva
1016 1396 1077 1462 sub
1123 1395 1313 1462 incursione
1336 1416 1519 1482 poenarum

265 1478 423 1565 civilium,
449 1489 484 1548 et
506 1482 697 1585 privatione
720 1483 897 1551 effectuum
920 1488 956 1550 et
976 1483 1102 1570 jurium
1127 1482 1290 1563 civilium,
1311 1483 1424 1568 qualia
1436 1490 1519 1549 mat·

264 1567 404 1636 rimonia
429 1571 576 1638 ciuihter
599 1594 665 1638 non
688 1571 858 1660 prohibita
881 1594 1027 1639 connexa
1049 1570 1195 1656 habent3
1228 1593 1294 1658 qua
1329 1570 1369 1637 dc
1399 1592 1436 1636 rc
1466 1569 1520 1636 In-

264 1657 404 1724 structio
428 1660 445 1744 ξ
469 1658 520 1725 69.
545 1658 626 1728 haec
649 1662 820 1728 continet:
851 1659 1010 1728 Sanctum
1044 1665 1096 1726 est
1118 1659 1322 1752 ¹Christiano,
1356 1659 1520 1747 potestati

264 1743 358 1811 civili
382 1752 554 1834 praestare
587 1747 820 1829 obedientiam,
859 1747 902 1814 ad
936 1769 1034 1837 quam
1068 1747 1232 1813 Dominus
1266 1746 1337 1834 ipse
1371 1768 1431 1812 nos
1460 1768 1521 1834 per

265 1832 468 1921 Apostolum
491 1857 587 1902 suum
611 1837 772 1904 instituit.
804 1837 856 1904 Eo
879 1835 1068 1903 districtius
1103 1857 1159 1902 eas
1194 1835 1349 1902 observet
1383 1856 1518 1902 necesse

264 1930 316 1986 est
340 1925 571 1991 correlationes
592 1925 717 2007 civiles,
740 1947 824 2010 quae
848 1925 890 1991 ad
914 1923 1063 1992 ordinem
1080 1922 1238 1990 moralem
1254 1921 1519 1991 conservandum

264 2017 419 2078 accurate
442 2017 654 2080 concurrunt.
680 2012 841 2100 Quamvis
864 2011 972 2098 igitur
994 2017 1148 2100 potestas
1170 2009 1292 2092 civilis,
1316 2009 1398 2099 quin
1435 2008 1519 2077 vali-

264 2101 342 2164 dum
365 2100 454 2167 inter
476 2098 677 2168 christianos
691 2101 940 2168 matrimonium
954 2099 1184 2181 contrahatur,
1203 2097 1435 2171 sanctionibus
1449 2097 1521 2166 suis

264 2183 427 2274 impedire
449 2187 583 2256 minime
606 2189 724 2276 possit,
758 2188 824 2256 civi
848 2195 961 2256 tamen
984 2188 1166 2255 Austriaco
1191 2186 1280 2254 haud
1305 2186 1392 2267 licet,
1416 2185 1520 2274 negli-

263 2295 343 2359 gere
365 2276 655 2378 praescriptiones,
680 2299 763 2366 quas
786 2276 840 2346 lex
871 2277 1051 2346 Austriaca
1074 2276 1115 2342 de
1138 2275 1293 2342 civilibus
1316 2274 1521 2342 matrimonii

264 2360 439 2430 effectibus
462 2363 595 2431 statuit.
620 2365 705 2432 Sunt
728 2369 839 2432 autem
864 2364 1010 2432 civiliter
1032 2363 1203 2452 prohibita
1234 2361 1474 2430 matrimonia:

360 2475 395 2558 a)
418 2472 878 2563 Matrimonia-praematura,
903 2474 1085 2558 dequibus
1109 2477 1136 2558 ξ.
1177 2473 1228 2540 72.
1274 2472 1519 2542 instructionis

263 2561 483 2646 praescribit:
506 2562 757 2630 Procurandum
781 2569 833 2631 est
856 2567 897 2630 ut
920 2566 1120 2628 avertantur
1142 2560 1357 2629 matrimonia
1394 2582 1521 2643 eorum,

264 2648 322 2736 qui
341 2671 463 2717 anuum
488 2649 618 2736 quidem
643 2651 804 2720 decimum
829 2657 996 2740 quartum,
1019 2656 1055 2717 et
1077 2652 1263 2738 respective
1286 2647 1520 2716 duodecimum

264 2737 491 2820 absolverunt,
516 2746 571 2805 ast
593 2739 738 2808 nondum
761 2739 953 2826 attigerunt
975 2743 1119 2804 aetatem
1143 2759 1209 2826 qua
1231 2759 1292 2827 pro
1315 2743 1520 2830 terraegen5

263 2827 373 2914 bisque
395 2829 526 2893 ratione
548 2829 702 2915 aptitudo
724 2828 767 2895 ad
790 2827 1036 2894 matrimonium
1053 2826 1167 2894 debita
1185 2849 1259 2895 cum
1272 2823 1520 2894 deliberatione

264 2913 447 2983 ineundum
471 2919 504 2980 et
528 2917 707 2984 maturitas
729 2915 868 3004 physica
891 2916 1007 2982 adesse
1037 2916 1133 2982 solet.

290 3031 292 3038 '
362 3024 395 3114 b)
418 3023 633 3091 Matrimonia
657 3025 901 3094 minorennium
925 3026 986 3092 sub
1010 3025 1123 3113 patria
1154 3030 1324 3113 potestate
1357 3025 1522 3092 constitu-

265 3116 387 3193 torum‚
413 3111 596 3200 dequibus
620 3113 724 3202 priori
749 3112 959 3202 paragrapho
982 3135 1090 3181 sermo
1113 3113 1189 3196 tuit,
1214 3134 1252 3181 eo
1274 3111 1329 3180 hic
1364 3111 1428 3180 loci
1463 3113 1523 3180 ad·

264 3199 346 3284 dito,
370 3201 457 3291 quod
481 3201 568 3268 idem
588 3201 654 3289 jus,
680 3203 768 3291 quod
791 3202 880 3269 dicto
903 3200 1112 3291 paragrapho
1136 3204 1225 3289 patri
1248 3207 1309 3268 aut
1331 3200 1440 3268 tutori
1464 3224 1523 3269 ve·

267 3289 363 3358 tandi
387 3288 635 3356 matrimonium
671 3291 842 3358 addictum
874 3297 935 3372 ast,
959 3291 1066 3358 relate
1100 3289 1143 3356 ad
1177 3289 1374 3378 adoptivum
1410 3289 1523 3356 tilium

263 3376 447 3467 adoptandi
471 3383 637 3465 competat
663 3377 707 3468 (ξ.
732 3379 806 3447 183.
831 3377 910 3447 0011.
934 3377 1004 3446 Oiv.
1028 3378 1163 3464 Austr.)

360 3490 389 3574 c)
413 3487 628 3555 Matrimonia
651 3489 806 3571 militum,
831 3513 910 3575 quo·
933 3494 1065 3576 spectat
1100 3491 1204 3555 etium
1238 3487 1521 3575 Gebadarmeria3

264 3575 410 3643 vetitum
434 3582 486 3644 est
505 3577 606 3642 militi
630 3578 702 3644 sine
725 3578 942 3666 permissione
966 3599 1046 3645 suaa
1076 3576 1324 3665 superioritatis
1358 3557 1523 3646 militaris

263 3664 509 3732 matrimonium
533 3666 737 3734 contrahere.

361 3774 644 3861 d)Prohibentur
667 3799 687 3842 a
710 3775 935 3843 contrahendo
961 3774 1171 3842 matrimonio
1206 3797 1246 3842 ex
1277 3780 1374 3863 parte
1405 3779 1524 3842 status

265 3861 386 3931 civilis.
412 3862 445 3948 1)
469 3862 519 3929 Ob
543 3863 709 3931 defectum
733 3887 911 3932 consensus
935 3863 1056 3930 civilis.
1081 3863 1116 3950 2)
1154 3863 1204 3929 Ob
1239 3861 1406 3930 defectum
1443 3873 1522 3930 con·
1552 3934 1558 3945 ,

264 3951 422 4018 cessionis
445 3951 645 4018 matrimonii
670 3953 867 4042 quibusdam
891 3951 1093 4019 officialibus
1117 3951 1282 4018 civilibus.
1308 3950 1427 4034 Quoad
1449 3952 1523 4040 pri-

263 4057 361 4120 mum,
386 4061 565 4107 consensus
589 4040 698 4108 civilis
721 4041 756 4106 in
779 4040 922 4107 Austria
935 4039 1177 4128 praescriptum
1194 4040 1399 4107 estDecreto
1409 4040 1522 4106 aulico

263 4126 344 4193 ddto
369 4127 421 4193 28.
445 4127 637 4195 Decembris
662 4129 757 4195 1797.
782 4151 820 4195 eo
859 4149 957 4215 scopo
997 4149 1038 4193 ne
1072 4149 1232 4216 personae
1267 4127 1521 4195 matrimonium

262 4216 471 4296 contrahant,
496 4238 579 4302 quae
602 4217 719 4283 mediis
742 4216 989 4283 sufficientibus
1012 4215 1270 4282 sustentationis
1294 4215 1443 4282 familiae
1468 4238 1523 4282 ca-

262 4307 347 4370 rent.
374 4304 492 4386 Quoad
515 4304 704 4386 secundum,
729 4304 938 4371 Olficialihus
971 4303 1125 4371 civilibus
1170 4304 1289 4390 exiguo
1331 4303 1454 4370 salario
1477 4304 1517 4370 in

266 4391 529 4480 provincialibus
553 4393 683 4479 quidem
706 4394 845 4460 urbibus
869 4392 958 4459 infra
982 4391 1056 4458 300.
1081 4391 1233 4473 flnorum,
1257 4397 1292 4458 et
1324 4392 1358 4460 iu
1380 4414 1422 4479 op
1446 4391 1514 4458 ldis

264 4479 352 4546 infra
370 4479 442 4583 ,2⁰9
465 4480 497 4546 fl.
522 4481 666 4570 provisis
689 4481 894 4569 prohibitum
918 4485 970 4548 est
995 4479 1241 4548 matrimonium
1265 4479 1337 4548 sine
1353 4413 1522 4549 facultate

267 4589 459 4658 superioris.

359 4678 390 4767 c)
413 4677 654 4746 condemnatio
678 4678 720 4745 ed
745 4683 884 4764 mortem
908 4683 967 4746 aut
990 4677 1032 4744 ad
1066 4699 1187 4766 graves
1222 4697 1370 4744 carceres
1407 4695 1427 4741 e
1462 4673 1519 4743 die

263 4763 500 4855 publicationis
545 4766 741 4846 sententiae,
787 4768 918 4833 etiamsi
965 4765 1192 4834 sententiatus
1237 4765 1400 4852 profugus
1445 4764 1518 4833 fiat.
