3420 5358
633 437 699 503 257

67 679 172 744 poenae
193 656 428 724 fornicantium
450 658 481 724 ei
505 659 715 744 infliguntur,
740 656 922 724 Concilium
948 655 1023 724 ideo
1046 653 1291 722 Maronitarum

68 745 99 810 de
118 766 196 810 suno
220 743 315 812 1136.
339 747 478 812 statuit:
528 743 830 828 ,Quemadmodum
865 743 1001 810 vivente
1036 742 1177 828 conjuge
1213 745 1294 829 post

67 831 291 898 matrimonium
314 839 577 902 consummatum
601 833 694 900 nulla
729 855 873 920 unquam
897 854 938 898 ex
961 853 1062 898 causa
1085 831 1216 898 licitum
1239 837 1292 896 est

67 923 149 988 alteri
170 919 212 987 ad
234 921 318 988 alias
341 922 477 1011 nuptias
500 923 655 1002 transire,
686 920 736 988 ita
767 921 886 988 Clerici
919 922 953 986 in
987 921 1089 988 sacris
1113 916 1295 984 Ordinibus

67 1007 234 1090 constituti,
259 1009 313 1075 vel
335 1009 501 1091 Monachi,
524 1009 753 1094 Monialeaque
787 1009 983 1076 castitatem
1005 1006 1199 1075 solemniter
1221 1026 1295 1092 pro-

67 1095 183 1162 litentes
215 1095 461 1164 matrimonium
493 1098 690 1166 contrahere
721 1097 912 1163 nullomodo
947 1101 1096 1184 possunt.
1143 1091 1295 1176 Quodsi

67 1183 304 1265 attentaverint,
327 1187 459 1252 irritum
487 1194 522 1254 st
550 1186 677 1252 nullum
715 1192 768 1252 est
801 1185 990 1272 hujusmodi
1015 1182 1290 1250 matrimonium‘

67 1271 149 1352 Quod
169 1273 269 1340 etiam
291 1273 429 1342 Pravila
443 1273 727 1362 aperteenunciat
749 1272 860 1342 Glava
882 1295 942 1341 seu
964 1274 1043 1360 Cap.
1069 1271 1141 1337 123.
1159 1292 1296 1358 sequen-

68 1361 167 1426 tibus:
194 1360 395 1440 ,Monachus
419 1365 472 1430 vel
497 1363 653 1428 Monialis
686 1365 715 1426 si
738 1361 871 1428 deserto
902 1361 1104 1429 monasterio
1128 1359 1296 1426 matrimo-

68 1450 144 1514 nium
164 1449 287 1530 inierit,
311 1449 373 1518 hoc
395 1473 462 1516 uon
484 1473 543 1539 pro
567 1449 777 1516 matrimonio
810 1451 868 1518 sed
891 1473 951 1537 pro
975 1448 1141 1516 adulterio
1165 1451 1297 1535 repnte

67 1545 121 1618 tur,
142 1543 174 1604 et
196 1537 226 1604 ai
248 1560 316 1606 uon
339 1539 504 1606 dimiserit
526 1539 606 1606 talis
628 1538 811 1605 Monachus
833 1540 956 1605 sociam
975 1535 1146 1617 adulterii,
1170 1557 1297 1602 excom-

67 1625 238 1692 municatus
259 1627 335 1694 sit‘

147 1714 271 1782 Dahis
299 1714 545 1802 impedimentis
579 1714 713 1782 Ordinis
737 1721 772 1782 et
807 1716 878 1782 voti
907 1714 1093 1782 Instructio
1117 1713 1298 1780 Austrinos

67 1807 88 1884 ς.
111 1802 158 1867 24.
180 1803 403 1889 praescribit:

149 1891 267 1958 Clerici
289 1891 325 1956 in
348 1891 528 1979 majoribus
550 1892 739 1973 constituti,
775 1898 809 1958 et
842 1891 1038 1977 Regulares,
1063 1891 1120 1976 qui
1144 1893 1226 1956 vota
1249 1911 1298 1954 so

69 1975 176 2046 lemnia
198 1980 389 2061 emiserunt,
413 1979 456 2046 ad
479 1983 723 2048 matrimonium
753 1980 935 2047 ineundum
965 1979 1094 2046 habiles
1118 2000 1183 2044 non
1206 1985 1296 2044 sunt.

66 2063 99 2130 In
120 2073 275 2150 quantum
291 2075 371 2136 vota
383 2069 545 2157 simplicia
561 2070 596 2136 in
612 2071 879 2158 Congregatione
895 2068 1044 2155 regulari
1057 2068 1097 2158 (J
1099 2066 1298 2156 esuitarum)

67 2154 183 2236 emissa,
206 2178 278 2224 cnm
301 2179 361 2244 per
384 2159 610 2246 exceptionem
628 2159 815 2225 sortiantur
828 2160 983 2224 effectum
995 2164 1034 2224 ut
1051 2157 1299 2224 matrimonium

67 2241 199 2325 irritent,
221 2243 402 2312 secundum
425 2252 555 2314 statuta
570 2247 714 2314 Ordinis
736 2269 755 2312 a
779 2245 864 2313 Sede
899 2246 1090 2335 Apostolica
1112 2245 1298 2333 approbata

68 2328 301 2416 dijudicandum
329 2341 392 2400 eat.

158 2512 194 2606 ἓ.
222 2511 314 2592 102.
343 2513 705 2616 'impedimentum
734 2513 1011 2616 disparitatis
1039 2513 1196 2593 cultus.

106 2655 219 2723 Cultus
230 2657 413 2747 disparitas
423 2660 494 2727 lato
505 2683 605 2726 sensu
613 2660 743 2728 obtinet
756 2683 820 2727 non
831 2666 965 2728 tantum
980 2662 1068 2726 inter
1089 2657 1299 2729 Christianos

68 2739 251 2829 baptizatos,
262 2753 370 2814 etnon
385 2747 586 2815 christianos
594 2773 661 2816 non
670 2748 869 2841 baptizatos,
881 2749 937 2815 sed
948 2757 982 2815 at
993 2748 1084 2836 ipsos
1093 2747 1302 2817 Christianos

70 2831 238 2900 catholicos
261 2842 296 2901 et
319 2835 531 2918 acatholicos,
556 2837 742 2905 haereticos
766 2860 882 2927 nempe
904 2844 939 2904 et
962 2837 1200 2916 schismaticos,
1228 2857 1302 2902 curm

68 2919 178 3002 quibus
201 2924 444 2991 matrimonium
467 2925 551 2992 inire
575 2926 759 2994 Catholicis
793 2927 944 2992 Ecclesia
968 2949 1097 3013 semper
1119 2922 1300 3013 prohibuit.

67 3007 117 3071 aie
139 3007 316 3077 Concilium
338 3011 561 3082 Laodicenum
597 3015 730 3082 Canone
766 3014 817 3080 10.
855 3017 999 3081 statuit:
1051 3014 1145 3094 ‚Non
1169 3017 1303 3100 oportet

68 3115 127 3170 ms,
150 3099 203 3186 qui
225 3105 306 3165 sunt
328 3100 362 3166 in
386 3101 546 3184 Ecclesia,
571 3125 648 3177 suos
671 3102 759 3168 filios
795 3102 974 3169 haereticis
999 3103 1207 3168 matrimonio
1228 3098 1303 3185 jun·

68 3191 165 3264 gere‘
192 3185 236 3252 Et
258 3187 392 3256 Oenone
414 3189 572 3256 XXXI.:
600 3189 691 3270 ,Non
724 3197 857 3278 oportet
889 3212 962 3256 cum
997 3190 1165 3256 haeretico
1189 3187 1301 3252 matri·

70 3272 201 3368 monium
225 3279 429 3359 contrahere,
454 3280 506 3345 vel
532 3278 611 3344 dare
634 3278 722 3343 filios
745 3290 777 3344 et
800 3277 897 3352 filias,
922 3278 980 3344 sed
1010 3279 1123 3366 potius
1146 3277 1302 3362 accipere,

69 3380 93 3420 si
116 3381 149 3424 se
170 3361 376 3432 Christianos
398 3366 532 3433 futuros
577 3367 830 3454 profiteantur.‘
869 3367 983 3434 Canon
1017 3373 1129 3432 autem
1151 3363 1299 3430 LXXII.

69 3443 200 3514 Consilii
221 3451 375 3520 Trullani
398 3455 567 3522 decrevit:
597 3453 691 3534 ,Non
715 3455 815 3522 licere
839 3455 948 3522 virum
972 3455 1203 3522 Orthodoxum
1228 3473 1303 3518 cum

70 3535 197 3603 muliere
239 3539 407 3608 haeretica
430 3542 596 3630 conjungi,
644 3565 748 3631 neque
779 3566 857 3610 vero
894 3543 1111 3611 orthodoxam
1135 3565 1209 3610 oum
1233 3539 1306 3606 viro

70 3619 225 3694 haeretico
248 3630 406 3718 copulari.
430 3630 546 3719 Neque
570 3631 657 3696 enim
680 3653 729 3710 ea,
754 3653 839 3719 quae
863 3655 927 3697 uon
952 3637 1033 3697 sunt
1054 3631 1221 3698 miscenda
1245 3628 1304 3693 mi·

70 3713 156 3792 aceri,
179 3737 235 3781 nec
257 3739 351 3785 ovem
375 3742 448 3785 cum
472 3719 561 3806 lupo,
607 3741 668 3785 nec
689 3725 900 3807 peccatorum
932 3729 1056 3786 sortem
1080 3743 1153 3786 eum
1176 3715 1306 3786 Christi

71 3807 159 3898 parte
180 3803 335 3892 conjungi
358 3813 500 3896 oportet.
525 3807 560 3874 Si
572 3813 684 3874 autem
696 3807 810 3896 aliqui,
834 3809 892 3896 qui
916 3808 1025 3875 adhuc
1048 3808 1198 3874 infideles
1215 3809 1304 3884 sunt,

72 3893 104 3984 et
127 3909 157 3952 111
179 3893 435 3962 orthodoxorum
454 3917 590 3982 gregem
624 3895 768 3962 nondum
800 3897 910 3978 relati,
956 3904 1037 3963 sunt
1057 3896 1146 3962 inter
1168 3917 1205 3961 se
1229 3893 1309 3978 legi-

70 3982 149 4040 timo
170 3979 375 4049 matrimonio
396 3983 524 4070 juncti;
549 3981 666 4050 deinde
689 3983 742 4049 hic
765 3984 897 4071 quidem
916 4007 954 4052 eo
966 3984 1054 4073 quod
1067 3990 1119 4050 est
1129 3984 1307 4050 honestum

72 4059 170 4130 eleeto
191 4066 233 4134 ad
255 4068 360 4136 lucem
383 4072 542 4138 veritatis
587 4070 793 4156 accurrerit:
831 4071 889 4138 ille
923 4096 1003 4140 vero
1027 4072 1151 4138 erroris
1177 4070 1309 4138 vinculo

71 4145 218 4246 detentus
263 4157 377 4244 fuerit,
422 4160 538 4226 nolens
569 4159 702 4225 divinos
738 4160 849 4226 radios
878 4161 954 4226 fixis
989 4160 1095 4228 oculis
1118 4159 1254 4238 intueri,
1279 4157 1309 4222 si

73 4235 192 4336 infideli
213 4249 309 4312 uxori
353 4247 465 4336 placet
493 4271 567 4315 cum
602 4247 675 4314 viro
707 4247 800 4314 fideli
845 4249 1006 4334 hahitare,
1038 4249 1093 4316 vel
1139 4250 1310 4314 viceversa

74 4346 143 4390 viro
164 4331 286 4401 infideli
309 4357 383 4402 cum
406 4335 498 4402 fideli
521 4357 633 4417 uxore,
657 4358 698 4402 ne
721 4358 742 4402 a
764 4359 799 4403 se
822 4337 963 4404 invicem
996 4361 1031 4404 se
1056 4343 1193 4404 arentur
1216 4334 1312 4422 juxta

74 4409 211 4513 divinum
235 4422 447 4512 Apostolum.
472 4423 558 4492 Nam
582 4424 811 4492 sanctificatus
845 4432 898 4492 est
921 4431 974 4492 vir
995 4362 1140 4492 inddelis
1162 4445 1222 4512 per
1245 4446 1313 4490 mu-

75 4497 180 4572 herem
221 4507 364 4592 fidelem,
393 4518 429 4580 et
461 4513 670 4580 sanctificata
705 4518 758 4586 est
792 4511 911 4580 mulier
955 4514 1099 4580 infidelis
1120 4535 1181 4602 per
1202 4510 1311 4578 virum

74 4585 258 4684 fidelem‘1)
279 4597 372 4668 Haec
395 4605 505 4670 tamen
521 4599 702 4690 prohibitio
713 4599 884 4672 Ecclesiae
896 4602 1022 4691 scripta
1040 4602 1313 4692 impedimentum

76 4727 270 4746 ...Ἢ-

150 4817 165 4884 'l
182 4819 208 4874 S.
227 4819 329 4876 Paulus
348 4821 383 4877 ad
411 4820 532 4878 Corinth.
555 4821 583 4878 C.
603 4823 629 4878 7.
650 4839 676 4877 v.
697 4821 739 4880 14.
1244 4894 1277 4949 ¹7
