<?xml version="1.0" encoding="UTF-8"?>
<!DOCTYPE html PUBLIC "-//W3C//DTD XHTML 1.0 Transitional//EN"
    "http://www.w3.org/TR/xhtml1/DTD/xhtml1-transitional.dtd">
<html xmlns="http://www.w3.org/1999/xhtml" xml:lang="en" lang="en">
 <head>
  <title>
</title>
<meta http-equiv="Content-Type" content="text/html;charset=utf-8" />
  <meta name='ocr-system' content='tesseract 3.04.00' />
  <meta name='ocr-capabilities' content='ocr_page ocr_carea ocr_par ocr_line ocrx_word'/>
</head>
<body>
  <div class='ocr_page' id='page_1' title='image "./enchiridionjuri00pappgoog_0317.png"; bbox 0 0 3420 5358; ppageno 0'>
   <div class='ocr_carea' id='block_1_1' title="bbox 839 456 903 522">
    <p class='ocr_par' dir='ltr' id='par_1_1' title="bbox 839 456 903 522">
     <span class='ocr_line' id='line_1_1' title="bbox 839 456 903 522; baseline 0 0"><span class='ocrx_word' id='word_1_1' title='bbox 839 456 903 522; x_wconf 78' lang='lat'><strong>286</strong></span> 
     </span>
    </p>
   </div>
   <div class='ocr_carea' id='block_1_2' title="bbox 766 551 972 560">
    <p class='ocr_par' dir='ltr' id='par_1_2' title="bbox 766 551 972 560">
     <span class='ocr_line' id='line_1_2' title="bbox 766 551 972 560; baseline 0 -2"><span class='ocrx_word' id='word_1_2' title='bbox 766 551 972 560; x_wconf 59' lang='lat' dir='ltr'><strong>m·-</strong></span> 
     </span>
    </p>
   </div>
   <div class='ocr_carea' id='block_1_3' title="bbox 398 741 1331 884">
    <p class='ocr_par' dir='ltr' id='par_1_3' title="bbox 398 722 1331 884">
     <span class='ocr_line' id='line_1_3' title="bbox 398 741 1331 884; baseline 0.003 -24"><span class='ocrx_word' id='word_1_3' title='bbox 398 780 433 884; x_wconf 66' lang='grc' dir='ltr'><strong>β.</strong></span> <span class='ocrx_word' id='word_1_4' title='bbox 463 779 557 861; x_wconf 82' lang='grc'><strong>133.</strong></span> <span class='ocrx_word' id='word_1_5' title='bbox 584 781 648 861; x_wconf 90' lang='lat' dir='ltr'><strong>De</strong></span> <span class='ocrx_word' id='word_1_6' title='bbox 675 741 1026 863; x_wconf 89' lang='lat' dir='ltr'><strong>convalidatione</strong></span> <span class='ocrx_word' id='word_1_7' title='bbox 1050 781 1331 865; x_wconf 77' lang='lat' dir='ltr'><strong>matrimonii.</strong></span> 
     </span>
    </p>
   </div>
   <div class='ocr_carea' id='block_1_4' title="bbox 243 903 1541 2311">
    <p class='ocr_par' dir='ltr' id='par_1_4' title="bbox 243 903 1541 1694">
     <span class='ocr_line' id='line_1_4' title="bbox 312 903 1541 992; baseline -0.002 -21"><span class='ocrx_word' id='word_1_8' title='bbox 312 957 315 962; x_wconf 89' lang='lat'>.</span> <span class='ocrx_word' id='word_1_9' title='bbox 338 903 542 992; x_wconf 88' lang='lat' dir='ltr'><strong>Principium</strong></span> <span class='ocrx_word' id='word_1_10' title='bbox 557 903 728 970; x_wconf 84' lang='lat' dir='ltr'><strong>Ecclesiae</strong></span> <span class='ocrx_word' id='word_1_11' title='bbox 741 904 923 972; x_wconf 85' lang='lat' dir='ltr'><strong>Orientaiis</strong></span> <span class='ocrx_word' id='word_1_12' title='bbox 935 912 1007 971; x_wconf 89' lang='lat' dir='ltr'><strong>est:</strong></span> <span class='ocrx_word' id='word_1_13' title='bbox 1036 905 1302 986; x_wconf 85' lang='lat' dir='ltr'><strong>,matrimonium</strong></span> <span class='ocrx_word' id='word_1_14' title='bbox 1325 903 1410 971; x_wconf 86' lang='lat' dir='ltr'><strong>iacit</strong></span> <span class='ocrx_word' id='word_1_15' title='bbox 1426 926 1490 970; x_wconf 92' lang='lat' dir='ltr'><strong>non</strong></span> <span class='ocrx_word' id='word_1_16' title='bbox 1535 963 1541 980; x_wconf 80' lang='grc'>,</span> 
     </span>
     <span class='ocr_line' id='line_1_5' title="bbox 244 991 1489 1080; baseline 0 -22"><span class='ocrx_word' id='word_1_17' title='bbox 244 993 436 1059; x_wconf 74' lang='lat' dir='ltr'><strong>concubitus</strong></span> <span class='ocrx_word' id='word_1_18' title='bbox 459 992 518 1058; x_wconf 89' lang='lat' dir='ltr'><strong>sed</strong></span> <span class='ocrx_word' id='word_1_19' title='bbox 541 999 753 1072; x_wconf 79' lang='lat' dir='ltr'><strong>consensns‘,</strong></span> <span class='ocrx_word' id='word_1_20' title='bbox 775 993 834 1058; x_wconf 88' lang='lat' dir='ltr'><strong>ubi.</strong></span> <span class='ocrx_word' id='word_1_21' title='bbox 856 993 963 1079; x_wconf 89' lang='lat' dir='ltr'><strong>igitur</strong></span> <span class='ocrx_word' id='word_1_22' title='bbox 986 1015 1165 1060; x_wconf 74' lang='lat' dir='ltr'>consensus</span> <span class='ocrx_word' id='word_1_23' title='bbox 1188 993 1224 1060; x_wconf 90' lang='lat' dir='ltr'><strong>in</strong></span> <span class='ocrx_word' id='word_1_24' title='bbox 1247 993 1410 1080; x_wconf 92' lang='lat' dir='ltr'><strong>principio</strong></span> <span class='ocrx_word' id='word_1_25' title='bbox 1435 991 1489 1058; x_wconf 91' lang='lat' dir='ltr'><strong>de·</strong></span> 
     </span>
     <span class='ocr_line' id='line_1_6' title="bbox 244 1079 1489 1168; baseline -0.002 -22"><span class='ocrx_word' id='word_1_26' title='bbox 244 1079 320 1162; x_wconf 83' lang='lat' dir='ltr'><strong>fuit,</strong></span> <span class='ocrx_word' id='word_1_27' title='bbox 344 1081 507 1168; x_wconf 89' lang='lat' dir='ltr'><strong>praestito</strong></span> <span class='ocrx_word' id='word_1_28' title='bbox 531 1101 692 1145; x_wconf 89' lang='lat' dir='ltr'><strong>consensu</strong></span> <span class='ocrx_word' id='word_1_29' title='bbox 715 1080 960 1148; x_wconf 83' lang='lat' dir='ltr'><strong>matrimonium</strong></span> <span class='ocrx_word' id='word_1_30' title='bbox 986 1079 1074 1168; x_wconf 90' lang='lat' dir='ltr'><strong>quod</strong></span> <span class='ocrx_word' id='word_1_31' title='bbox 1097 1079 1394 1147; x_wconf 90' lang='lat' dir='ltr'><strong>anteainvalidum</strong></span> <span class='ocrx_word' id='word_1_32' title='bbox 1412 1079 1489 1160; x_wconf 90' lang='lat' dir='ltr'><strong>fuit,</strong></span> 
     </span>
     <span class='ocr_line' id='line_1_7' title="bbox 245 1165 1492 1256; baseline 0.002 -24"><span class='ocrx_word' id='word_1_33' title='bbox 245 1167 425 1244; x_wconf 88' lang='lat' dir='ltr'><strong>validatur‚</strong></span> <span class='ocrx_word' id='word_1_34' title='bbox 470 1168 743 1256; x_wconf 90' lang='lat' dir='ltr'><strong>quemadmodum</strong></span> <span class='ocrx_word' id='word_1_35' title='bbox 780 1169 879 1234; x_wconf 85' lang='lat' dir='ltr'><strong>etiam</strong></span> <span class='ocrx_word' id='word_1_36' title='bbox 912 1169 941 1234; x_wconf 89' lang='lat' dir='ltr'><strong>si</strong></span> <span class='ocrx_word' id='word_1_37' title='bbox 976 1171 1221 1234; x_wconf 81' lang='lat' dir='ltr'><strong>matrimonium</strong></span> <span class='ocrx_word' id='word_1_38' title='bbox 1259 1191 1332 1234; x_wconf 90' lang='lat' dir='ltr'><strong>cum</strong></span> <span class='ocrx_word' id='word_1_39' title='bbox 1356 1165 1492 1255; x_wconf 90' lang='lat' dir='ltr'><strong>impedi·</strong></span> 
     </span>
     <span class='ocr_line' id='line_1_8' title="bbox 246 1253 1495 1343; baseline 0.001 -22"><span class='ocrx_word' id='word_1_40' title='bbox 246 1261 356 1324; x_wconf 90' lang='lat' dir='ltr'><strong>mento</strong></span> <span class='ocrx_word' id='word_1_41' title='bbox 381 1254 558 1321; x_wconf 85' lang='lat' dir='ltr'><strong>dirimente</strong></span> <span class='ocrx_word' id='word_1_42' title='bbox 596 1253 812 1343; x_wconf 81' lang='lat' dir='ltr'><strong>dispensabili</strong></span> <span class='ocrx_word' id='word_1_43' title='bbox 850 1263 1057 1324; x_wconf 89' lang='lat' dir='ltr'><strong>contractum</strong></span> <span class='ocrx_word' id='word_1_44' title='bbox 1091 1255 1332 1338; x_wconf 71' lang='lat' dir='ltr'><strong>luitenblato</strong></span> <span class='ocrx_word' id='word_1_45' title='bbox 1369 1255 1495 1322; x_wconf 91' lang='lat' dir='ltr'><strong>eodem-</strong></span> 
     </span>
     <span class='ocr_line' id='line_1_9' title="bbox 243 1342 1492 1432; baseline -0.001 -21"><span class='ocrx_word' id='word_1_46' title='bbox 243 1366 303 1432; x_wconf 90' lang='lat' dir='ltr'><strong>per</strong></span> <span class='ocrx_word' id='word_1_47' title='bbox 326 1342 605 1430; x_wconf 82' lang='lat' dir='ltr'><strong>dispensationem</strong></span> <span class='ocrx_word' id='word_1_48' title='bbox 629 1349 664 1409; x_wconf 92' lang='lat' dir='ltr'><strong>et</strong></span> <span class='ocrx_word' id='word_1_49' title='bbox 686 1351 846 1409; x_wconf 88' lang='lat' dir='ltr'><strong>renovato</strong></span> <span class='ocrx_word' id='word_1_50' title='bbox 887 1367 1048 1411; x_wconf 87' lang='lat' dir='ltr'><strong>consensu</strong></span> <span class='ocrx_word' id='word_1_51' title='bbox 1071 1343 1313 1412; x_wconf 89' lang='lat' dir='ltr'><strong>convalidatur.</strong></span> <span class='ocrx_word' id='word_1_52' title='bbox 1339 1343 1492 1412; x_wconf 83' lang='lat' dir='ltr'><strong>Convali-</strong></span> 
     </span>
     <span class='ocr_line' id='line_1_10' title="bbox 245 1431 1491 1520; baseline 0 -22"><span class='ocrx_word' id='word_1_53' title='bbox 245 1431 318 1498; x_wconf 88' lang='lat' dir='ltr'><strong>dari</strong></span> <span class='ocrx_word' id='word_1_54' title='bbox 340 1439 453 1498; x_wconf 89' lang='lat' dir='ltr'><strong>autem</strong></span> <span class='ocrx_word' id='word_1_55' title='bbox 475 1451 642 1518; x_wconf 88' lang='lat' dir='ltr'><strong>nunquam</strong></span> <span class='ocrx_word' id='word_1_56' title='bbox 666 1439 806 1518; x_wconf 87' lang='lat' dir='ltr'><strong>possunt</strong></span> <span class='ocrx_word' id='word_1_57' title='bbox 830 1433 1049 1513; x_wconf 89' lang='lat' dir='ltr'><strong>matrimonia,</strong></span> <span class='ocrx_word' id='word_1_58' title='bbox 1074 1434 1193 1518; x_wconf 90' lang='lat' dir='ltr'><strong>quibus</strong></span> <span class='ocrx_word' id='word_1_59' title='bbox 1218 1433 1332 1498; x_wconf 90' lang='lat' dir='ltr'><strong>obstat</strong></span> <span class='ocrx_word' id='word_1_60' title='bbox 1355 1431 1491 1520; x_wconf 86' lang='lat' dir='ltr'><strong>impedi·</strong></span> 
     </span>
     <span class='ocr_line' id='line_1_11' title="bbox 244 1517 1491 1608; baseline -0.002 -22"><span class='ocrx_word' id='word_1_61' title='bbox 244 1527 390 1586; x_wconf 90' lang='lat' dir='ltr'><strong>mentum</strong></span> <span class='ocrx_word' id='word_1_62' title='bbox 433 1518 519 1605; x_wconf 77' lang='lat' dir='ltr'><strong>J&#39;nris</strong></span> <span class='ocrx_word' id='word_1_63' title='bbox 562 1517 729 1584; x_wconf 88' lang='lat' dir='ltr'><strong>naturalis</strong></span> <span class='ocrx_word' id='word_1_64' title='bbox 767 1525 828 1585; x_wconf 90' lang='lat' dir='ltr'><strong>aut</strong></span> <span class='ocrx_word' id='word_1_65' title='bbox 851 1519 967 1600; x_wconf 91' lang='lat' dir='ltr'><strong>divini,</strong></span> <span class='ocrx_word' id='word_1_66' title='bbox 993 1524 1082 1586; x_wconf 90' lang='lat' dir='ltr'><strong>sicut</strong></span> <span class='ocrx_word' id='word_1_67' title='bbox 1105 1529 1173 1586; x_wconf 91' lang='lat' dir='ltr'><strong>est:</strong></span> <span class='ocrx_word' id='word_1_68' title='bbox 1220 1519 1491 1608; x_wconf 72' lang='lat' dir='ltr'><strong>impedimentum</strong></span> 
     </span>
     <span class='ocr_line' id='line_1_12' title="bbox 244 1606 1493 1694; baseline 0.001 -22"><span class='ocrx_word' id='word_1_69' title='bbox 244 1607 470 1694; x_wconf 88' lang='lat' dir='ltr'><strong>impotentiae,</strong></span> <span class='ocrx_word' id='word_1_70' title='bbox 501 1606 679 1692; x_wconf 85' lang='lat' dir='ltr'><strong>ligaminis,</strong></span> <span class='ocrx_word' id='word_1_71' title='bbox 715 1607 1037 1694; x_wconf 86' lang='lat' dir='ltr'><strong>consanguineitatis</strong></span> <span class='ocrx_word' id='word_1_72' title='bbox 1068 1607 1104 1674; x_wconf 91' lang='lat' dir='ltr'><strong>in</strong></span> <span class='ocrx_word' id='word_1_73' title='bbox 1141 1607 1229 1674; x_wconf 89' lang='lat' dir='ltr'><strong>linea</strong></span> <span class='ocrx_word' id='word_1_74' title='bbox 1261 1613 1362 1689; x_wconf 92' lang='lat' dir='ltr'><strong>recta,</strong></span> <span class='ocrx_word' id='word_1_75' title='bbox 1398 1612 1434 1674; x_wconf 93' lang='lat' dir='ltr'><strong>et</strong></span> <span class='ocrx_word' id='word_1_76' title='bbox 1457 1609 1493 1674; x_wconf 89' lang='lat' dir='ltr'><strong>in</strong></span> 
     </span>
    </p>

    <p class='ocr_par' dir='ltr' id='par_1_5' title="bbox 243 1692 1495 2311">
     <span class='ocr_line' id='line_1_13' title="bbox 267 1692 1490 1784; baseline 0.001 -24"><span class='ocrx_word' id='word_1_77' title='bbox 267 1699 348 1761; x_wconf 91' lang='lat' dir='ltr'><strong>rimo</strong></span> <span class='ocrx_word' id='word_1_78' title='bbox 371 1693 479 1781; x_wconf 89' lang='lat' dir='ltr'><strong>gradu</strong></span> <span class='ocrx_word' id='word_1_79' title='bbox 501 1692 610 1762; x_wconf 87' lang='lat' dir='ltr'><strong>lineae</strong></span> <span class='ocrx_word' id='word_1_80' title='bbox 640 1693 853 1761; x_wconf 87' lang='lat' dir='ltr'><strong>collateralis.</strong></span> <span class='ocrx_word' id='word_1_81' title='bbox 886 1695 1166 1782; x_wconf 85' lang='lat' dir='ltr'><strong>Distinguendum</strong></span> <span class='ocrx_word' id='word_1_82' title='bbox 1201 1717 1300 1784; x_wconf 89' lang='lat' dir='ltr'><strong>porro</strong></span> <span class='ocrx_word' id='word_1_83' title='bbox 1323 1702 1384 1777; x_wconf 92' lang='lat' dir='ltr'><strong>est,</strong></span> <span class='ocrx_word' id='word_1_84' title='bbox 1410 1718 1490 1763; x_wconf 90' lang='lat' dir='ltr'><strong>num</strong></span> 
     </span>
     <span class='ocr_line' id='line_1_14' title="bbox 243 1719 1486 1872; baseline 0.001 -23"><span class='ocrx_word' id='word_1_85' title='bbox 243 1719 449 1872; x_wconf 79' lang='lat' dir='ltr'><strong>dispensatio</strong></span> <span class='ocrx_word' id='word_1_86' title='bbox 471 1782 512 1847; x_wconf 88' lang='lat' dir='ltr'><strong>ab</strong></span> <span class='ocrx_word' id='word_1_87' title='bbox 535 1781 768 1870; x_wconf 87' lang='lat' dir='ltr'><strong>impedimento</strong></span> <span class='ocrx_word' id='word_1_88' title='bbox 797 1782 1013 1871; x_wconf 85' lang='lat' dir='ltr'><strong>dispensabili</strong></span> <span class='ocrx_word' id='word_1_89' title='bbox 1047 1783 1126 1849; x_wconf 89' lang='lat' dir='ltr'><strong>data</strong></span> <span class='ocrx_word' id='word_1_90' title='bbox 1156 1783 1203 1849; x_wconf 87' lang='lat' dir='ltr'><strong>sit</strong></span> <span class='ocrx_word' id='word_1_91' title='bbox 1233 1806 1292 1872; x_wconf 93' lang='lat' dir='ltr'><strong>pro</strong></span> <span class='ocrx_word' id='word_1_92' title='bbox 1326 1783 1400 1850; x_wconf 82' lang='lat' dir='ltr'><strong>foro</strong></span> <span class='ocrx_word' id='word_1_93' title='bbox 1425 1781 1486 1850; x_wconf 88' lang='lat' dir='ltr'><strong>oon</strong></span> 
     </span>
     <span class='ocr_line' id='line_1_15' title="bbox 245 1869 1489 1959; baseline -0.001 -22"><span class='ocrx_word' id='word_1_94' title='bbox 245 1873 403 1948; x_wconf 82' lang='lat' dir='ltr'><strong>scientiae</strong></span> <span class='ocrx_word' id='word_1_95' title='bbox 425 1874 567 1950; x_wconf 89' lang='lat' dir='ltr'><strong>tantum,</strong></span> <span class='ocrx_word' id='word_1_96' title='bbox 591 1875 652 1936; x_wconf 92' lang='lat' dir='ltr'><strong>aut</strong></span> <span class='ocrx_word' id='word_1_97' title='bbox 673 1892 734 1957; x_wconf 93' lang='lat' dir='ltr'><strong>pro</strong></span> <span class='ocrx_word' id='word_1_98' title='bbox 763 1869 835 1936; x_wconf 86' lang='lat' dir='ltr'><strong>foro</strong></span> <span class='ocrx_word' id='word_1_99' title='bbox 869 1878 1015 1938; x_wconf 84' lang='lat' dir='ltr'><strong>externo.</strong></span> <span class='ocrx_word' id='word_1_100' title='bbox 1045 1869 1080 1938; x_wconf 85' lang='lat' dir='ltr'><strong>Si</strong></span> <span class='ocrx_word' id='word_1_101' title='bbox 1105 1871 1311 1959; x_wconf 86' lang='lat' dir='ltr'><strong>dispensatio</strong></span> <span class='ocrx_word' id='word_1_102' title='bbox 1335 1871 1416 1936; x_wconf 90' lang='lat' dir='ltr'><strong>data</strong></span> <span class='ocrx_word' id='word_1_103' title='bbox 1439 1870 1489 1936; x_wconf 92' lang='lat' dir='ltr'><strong>sit</strong></span> 
     </span>
     <span class='ocr_line' id='line_1_16' title="bbox 245 1957 1490 2050; baseline -0.002 -24"><span class='ocrx_word' id='word_1_104' title='bbox 245 1966 377 2026; x_wconf 91' lang='lat' dir='ltr'><strong>tantum</strong></span> <span class='ocrx_word' id='word_1_105' title='bbox 410 1979 470 2050; x_wconf 90' lang='lat' dir='ltr'><strong>pro</strong></span> <span class='ocrx_word' id='word_1_106' title='bbox 502 1957 572 2024; x_wconf 81' lang='lat' dir='ltr'><strong>loro</strong></span> <span class='ocrx_word' id='word_1_107' title='bbox 610 1957 840 2040; x_wconf 88' lang='lat' dir='ltr'><strong>conscientiae,</strong></span> <span class='ocrx_word' id='word_1_108' title='bbox 876 1959 1122 2025; x_wconf 89' lang='lat' dir='ltr'><strong>matrimonium</strong></span> <span class='ocrx_word' id='word_1_109' title='bbox 1161 1957 1396 2026; x_wconf 87' lang='lat' dir='ltr'><strong>convalidatur</strong></span> <span class='ocrx_word' id='word_1_110' title='bbox 1429 1979 1490 2047; x_wconf 92' lang='lat' dir='ltr'><strong>per</strong></span> 
     </span>
     <span class='ocr_line' id='line_1_17' title="bbox 243 2045 1487 2136; baseline -0.001 -23"><span class='ocrx_word' id='word_1_111' title='bbox 243 2046 491 2114; x_wconf 88' lang='lat' dir='ltr'><strong>renovationem</strong></span> <span class='ocrx_word' id='word_1_112' title='bbox 516 2067 693 2112; x_wconf 90' lang='lat' dir='ltr'><strong>consensus</strong></span> <span class='ocrx_word' id='word_1_113' title='bbox 716 2045 757 2112; x_wconf 91' lang='lat' dir='ltr'><strong>ab</strong></span> <span class='ocrx_word' id='word_1_114' title='bbox 791 2055 933 2131; x_wconf 91' lang='lat' dir='ltr'><strong>utroque</strong></span> <span class='ocrx_word' id='word_1_115' title='bbox 969 2048 1110 2134; x_wconf 88' lang='lat' dir='ltr'><strong>conjuge</strong></span> <span class='ocrx_word' id='word_1_116' title='bbox 1146 2047 1271 2136; x_wconf 88' lang='lat' dir='ltr'><strong>absque</strong></span> <span class='ocrx_word' id='word_1_117' title='bbox 1294 2045 1487 2136; x_wconf 88' lang='lat' dir='ltr'><strong>praesentia</strong></span> 
     </span>
     <span class='ocr_line' id='line_1_18' title="bbox 245 2131 1492 2238; baseline 0 -38"><span class='ocrx_word' id='word_1_118' title='bbox 245 2134 380 2224; x_wconf 92' lang='lat' dir='ltr'><strong>parochi</strong></span> <span class='ocrx_word' id='word_1_119' title='bbox 403 2141 438 2202; x_wconf 91' lang='lat' dir='ltr'><strong>et</strong></span> <span class='ocrx_word' id='word_1_120' title='bbox 462 2136 609 2200; x_wconf 89' lang='lat' dir='ltr'><strong>testium.</strong></span> <span class='ocrx_word' id='word_1_121' title='bbox 633 2131 729 2215; x_wconf 76' lang='lat' dir='ltr'><strong>Quod</strong></span> <span class='ocrx_word' id='word_1_122' title='bbox 754 2135 782 2200; x_wconf 89' lang='lat' dir='ltr'><strong>si</strong></span> <span class='ocrx_word' id='word_1_123' title='bbox 805 2141 917 2201; x_wconf 88' lang='lat' dir='ltr'><strong>autem</strong></span> <span class='ocrx_word' id='word_1_124' title='bbox 942 2135 1146 2222; x_wconf 88' lang='lat' dir='ltr'><strong>dispensatio</strong></span> <span class='ocrx_word' id='word_1_125' title='bbox 1165 2136 1245 2202; x_wconf 85' lang='lat' dir='ltr'><strong>data</strong></span> <span class='ocrx_word' id='word_1_126' title='bbox 1268 2137 1315 2201; x_wconf 87' lang='lat' dir='ltr'><strong>sit</strong></span> <span class='ocrx_word' id='word_1_127' title='bbox 1335 2157 1395 2238; x_wconf 92' lang='lat' dir='ltr'><strong>pro</strong></span> <span class='ocrx_word' id='word_1_128' title='bbox 1418 2135 1492 2201; x_wconf 84' lang='lat' dir='ltr'><strong>toro</strong></span> 
     </span>
     <span class='ocr_line' id='line_1_19' title="bbox 245 2221 1495 2311; baseline 0 -23"><span class='ocrx_word' id='word_1_129' title='bbox 245 2230 392 2304; x_wconf 84' lang='lat' dir='ltr'><strong>externo,</strong></span> <span class='ocrx_word' id='word_1_130' title='bbox 416 2241 595 2288; x_wconf 87' lang='lat' dir='ltr'><strong>consensus</strong></span> <span class='ocrx_word' id='word_1_131' title='bbox 617 2221 768 2287; x_wconf 88' lang='lat' dir='ltr'><strong>invalide</strong></span> <span class='ocrx_word' id='word_1_132' title='bbox 790 2224 1018 2311; x_wconf 85' lang='lat' dir='ltr'><strong>copulatorum</strong></span> <span class='ocrx_word' id='word_1_133' title='bbox 1041 2245 1149 2288; x_wconf 91' lang='lat' dir='ltr'><strong>coram</strong></span> <span class='ocrx_word' id='word_1_134' title='bbox 1162 2222 1314 2310; x_wconf 81' lang='lat' dir='ltr'><strong>parocho,</strong></span> <span class='ocrx_word' id='word_1_135' title='bbox 1339 2245 1375 2288; x_wconf 92' lang='lat' dir='ltr'><strong>m</strong></span> <span class='ocrx_word' id='word_1_136' title='bbox 1397 2223 1495 2309; x_wconf 88' lang='lat' dir='ltr'><strong>cujus</strong></span> 
     </span>
    </p>
   </div>
   <div class='ocr_carea' id='block_1_5' title="bbox 142 2309 1490 2400">
    <p class='ocr_par' dir='ltr' id='par_1_6' title="bbox 142 2309 1490 2400">
     <span class='ocr_line' id='line_1_20' title="bbox 142 2309 1490 2400; baseline 0 -24"><span class='ocrx_word' id='word_1_137' title='bbox 142 2348 146 2356; x_wconf 90' lang='lat'><em>·</em></span> <span class='ocrx_word' id='word_1_138' title='bbox 245 2311 401 2400; x_wconf 87' lang='lat' dir='ltr'><strong>parocbia</strong></span> <span class='ocrx_word' id='word_1_139' title='bbox 446 2311 602 2396; x_wconf 82' lang='lat' dir='ltr'><strong>conjuges</strong></span> <span class='ocrx_word' id='word_1_140' title='bbox 648 2309 852 2378; x_wconf 90' lang='lat' dir='ltr'><strong>domicilium</strong></span> <span class='ocrx_word' id='word_1_141' title='bbox 886 2312 1011 2377; x_wconf 89' lang='lat' dir='ltr'><strong>habent</strong></span> <span class='ocrx_word' id='word_1_142' title='bbox 1044 2317 1079 2377; x_wconf 86' lang='lat' dir='ltr'><strong>et</strong></span> <span class='ocrx_word' id='word_1_143' title='bbox 1107 2310 1234 2377; x_wconf 91' lang='lat' dir='ltr'><strong>duobus</strong></span> <span class='ocrx_word' id='word_1_144' title='bbox 1264 2311 1411 2376; x_wconf 90' lang='lat' dir='ltr'><strong>testibus</strong></span> <span class='ocrx_word' id='word_1_145' title='bbox 1445 2311 1490 2376; x_wconf 90' lang='lat' dir='ltr'><strong>ad</strong></span> 
     </span>
    </p>
   </div>
   <div class='ocr_carea' id='block_1_6' title="bbox 245 2395 1494 4511">
    <p class='ocr_par' dir='ltr' id='par_1_7' title="bbox 245 2395 1494 4511">
     <span class='ocr_line' id='line_1_21' title="bbox 245 2395 1494 2466; baseline -0.001 -1"><span class='ocrx_word' id='word_1_146' title='bbox 245 2397 522 2465; x_wconf 91' lang='lat' dir='ltr'><strong>convalidandum</strong></span> <span class='ocrx_word' id='word_1_147' title='bbox 555 2398 803 2464; x_wconf 81' lang='lat' dir='ltr'><strong>matrimonium</strong></span> <span class='ocrx_word' id='word_1_148' title='bbox 847 2395 1058 2465; x_wconf 87' lang='lat' dir='ltr'><strong>renovandus</strong></span> <span class='ocrx_word' id='word_1_149' title='bbox 1094 2407 1155 2464; x_wconf 88' lang='lat' dir='ltr'><strong>est.</strong></span> <span class='ocrx_word' id='word_1_150' title='bbox 1207 2398 1494 2466; x_wconf 86' lang='lat' dir='ltr'><strong>Proclamationes</strong></span> 
     </span>
     <span class='ocr_line' id='line_1_22' title="bbox 245 2486 1492 2575; baseline 0 -23"><span class='ocrx_word' id='word_1_151' title='bbox 245 2495 356 2553; x_wconf 90' lang='lat' dir='ltr'><strong>autem</strong></span> <span class='ocrx_word' id='word_1_152' title='bbox 380 2491 512 2553; x_wconf 90' lang='lat' dir='ltr'><strong>tantum</strong></span> <span class='ocrx_word' id='word_1_153' title='bbox 535 2493 616 2552; x_wconf 91' lang='lat' dir='ltr'><strong>tunc</strong></span> <span class='ocrx_word' id='word_1_154' title='bbox 639 2486 747 2574; x_wconf 89' lang='lat' dir='ltr'><strong>repeti</strong></span> <span class='ocrx_word' id='word_1_155' title='bbox 769 2492 919 2574; x_wconf 88' lang='lat' dir='ltr'><strong>possunt,</strong></span> <span class='ocrx_word' id='word_1_156' title='bbox 934 2487 1065 2575; x_wconf 90' lang='lat' dir='ltr'><strong>quando</strong></span> <span class='ocrx_word' id='word_1_157' title='bbox 1081 2487 1361 2574; x_wconf 88' lang='lat' dir='ltr'><strong>impedimentum,</strong></span> <span class='ocrx_word' id='word_1_158' title='bbox 1384 2509 1402 2551; x_wconf 88' lang='lat' dir='ltr'><strong>a</strong></span> <span class='ocrx_word' id='word_1_159' title='bbox 1427 2509 1492 2574; x_wconf 91' lang='lat' dir='ltr'><strong>quo</strong></span> 
     </span>
     <span class='ocr_line' id='line_1_23' title="bbox 246 2574 1489 2664; baseline 0.002 -24"><span class='ocrx_word' id='word_1_160' title='bbox 246 2575 473 2664; x_wconf 90' lang='lat' dir='ltr'><strong>dispensatum</strong></span> <span class='ocrx_word' id='word_1_161' title='bbox 497 2580 559 2654; x_wconf 85' lang='lat' dir='ltr'><strong>est,</strong></span> <span class='ocrx_word' id='word_1_162' title='bbox 582 2576 617 2639; x_wconf 92' lang='lat' dir='ltr'><strong>in</strong></span> <span class='ocrx_word' id='word_1_163' title='bbox 648 2574 730 2655; x_wconf 93' lang='lat' dir='ltr'><strong>loco,</strong></span> <span class='ocrx_word' id='word_1_164' title='bbox 754 2597 817 2662; x_wconf 89' lang='lat' dir='ltr'><strong>quo</strong></span> <span class='ocrx_word' id='word_1_165' title='bbox 852 2576 1076 2641; x_wconf 87' lang='lat' dir='ltr'><strong>convalidatio</strong></span> <span class='ocrx_word' id='word_1_166' title='bbox 1122 2575 1329 2640; x_wconf 90' lang='lat' dir='ltr'><strong>instituenda</strong></span> <span class='ocrx_word' id='word_1_167' title='bbox 1364 2576 1489 2656; x_wconf 87' lang='lat' dir='ltr'><strong>veniat,</strong></span> 
     </span>
     <span class='ocr_line' id='line_1_24' title="bbox 246 2661 1492 2750; baseline -0.001 -22"><span class='ocrx_word' id='word_1_168' title='bbox 246 2665 410 2729; x_wconf 85' lang='lat' dir='ltr'><strong>notorium</strong></span> <span class='ocrx_word' id='word_1_169' title='bbox 434 2662 490 2730; x_wconf 90' lang='lat' dir='ltr'><strong>sit.</strong></span> <span class='ocrx_word' id='word_1_170' title='bbox 515 2661 551 2728; x_wconf 90' lang='lat' dir='ltr'><strong>Si</strong></span> <span class='ocrx_word' id='word_1_171' title='bbox 573 2661 844 2750; x_wconf 91' lang='lat' dir='ltr'><strong>impedimentum</strong></span> <span class='ocrx_word' id='word_1_172' title='bbox 870 2664 1054 2729; x_wconf 89' lang='lat' dir='ltr'><strong>mutatione</strong></span> <span class='ocrx_word' id='word_1_173' title='bbox 1085 2663 1166 2728; x_wconf 85' lang='lat' dir='ltr'><strong>facti</strong></span> <span class='ocrx_word' id='word_1_174' title='bbox 1189 2681 1220 2728; x_wconf 89' lang='lat' dir='ltr'><strong>v.</strong></span> <span class='ocrx_word' id='word_1_175' title='bbox 1245 2687 1277 2750; x_wconf 91' lang='lat' dir='ltr'><strong>g.</strong></span> <span class='ocrx_word' id='word_1_176' title='bbox 1302 2661 1410 2750; x_wconf 88' lang='lat' dir='ltr'><strong>quoad</strong></span> <span class='ocrx_word' id='word_1_177' title='bbox 1433 2663 1492 2728; x_wconf 91' lang='lat' dir='ltr'><strong>im-</strong></span> 
     </span>
     <span class='ocr_line' id='line_1_25' title="bbox 245 2750 1490 2839; baseline 0 -23"><span class='ocrx_word' id='word_1_178' title='bbox 245 2753 385 2839; x_wconf 91' lang='lat' dir='ltr'><strong>puberes</strong></span> <span class='ocrx_word' id='word_1_179' title='bbox 419 2772 478 2838; x_wconf 92' lang='lat' dir='ltr'><strong>per</strong></span> <span class='ocrx_word' id='word_1_180' title='bbox 499 2751 726 2837; x_wconf 89' lang='lat' dir='ltr'><strong>pubertatem,</strong></span> <span class='ocrx_word' id='word_1_181' title='bbox 773 2750 881 2834; x_wconf 89' lang='lat' dir='ltr'><strong>quoad</strong></span> <span class='ocrx_word' id='word_1_182' title='bbox 927 2752 1075 2835; x_wconf 88' lang='lat' dir='ltr'><strong>bigamos</strong></span> <span class='ocrx_word' id='word_1_183' title='bbox 1107 2773 1166 2838; x_wconf 89' lang='lat' dir='ltr'><strong>per</strong></span> <span class='ocrx_word' id='word_1_184' title='bbox 1198 2757 1337 2816; x_wconf 90' lang='lat' dir='ltr'><strong>mortem</strong></span> <span class='ocrx_word' id='word_1_185' title='bbox 1367 2751 1490 2836; x_wconf 89' lang='lat' dir='ltr'><strong>prioris</strong></span> 
     </span>
     <span class='ocr_line' id='line_1_26' title="bbox 246 2837 1491 2926; baseline -0.003 -20"><span class='ocrx_word' id='word_1_186' title='bbox 246 2839 395 2925; x_wconf 85' lang='lat' dir='ltr'><strong>conjugis</strong></span> <span class='ocrx_word' id='word_1_187' title='bbox 411 2846 506 2904; x_wconf 89' lang='lat' dir='ltr'><strong>etcet.</strong></span> <span class='ocrx_word' id='word_1_188' title='bbox 530 2837 688 2920; x_wconf 88' lang='lat' dir='ltr'><strong>tollatur;</strong></span> <span class='ocrx_word' id='word_1_189' title='bbox 713 2845 802 2917; x_wconf 90' lang='lat' dir='ltr'><strong>tunc,</strong></span> <span class='ocrx_word' id='word_1_190' title='bbox 827 2840 854 2902; x_wconf 89' lang='lat' dir='ltr'><strong>si</strong></span> <span class='ocrx_word' id='word_1_191' title='bbox 879 2837 1149 2926; x_wconf 91' lang='lat' dir='ltr'><strong>impedimentum</strong></span> <span class='ocrx_word' id='word_1_192' title='bbox 1178 2837 1290 2904; x_wconf 85' lang='lat' dir='ltr'><strong>iuerat</strong></span> <span class='ocrx_word' id='word_1_193' title='bbox 1313 2838 1491 2926; x_wconf 88' lang='lat' dir='ltr'><strong>publicum,</strong></span> 
     </span>
     <span class='ocr_line' id='line_1_27' title="bbox 247 2924 1493 3014; baseline -0.002 -19"><span class='ocrx_word' id='word_1_194' title='bbox 247 2950 355 2996; x_wconf 85' lang='lat' dir='ltr'><strong>coram</strong></span> <span class='ocrx_word' id='word_1_195' title='bbox 379 2925 523 3014; x_wconf 89' lang='lat' dir='ltr'><strong>parocho</strong></span> <span class='ocrx_word' id='word_1_196' title='bbox 546 2929 581 2990; x_wconf 88' lang='lat' dir='ltr'><strong>et</strong></span> <span class='ocrx_word' id='word_1_197' title='bbox 604 2924 731 2989; x_wconf 92' lang='lat' dir='ltr'><strong>duobus</strong></span> <span class='ocrx_word' id='word_1_198' title='bbox 755 2925 920 3011; x_wconf 73' lang='lat' dir='ltr'><strong>testibus5</strong></span> <span class='ocrx_word' id='word_1_199' title='bbox 941 2925 969 2990; x_wconf 88' lang='lat' dir='ltr'><strong>si</strong></span> <span class='ocrx_word' id='word_1_200' title='bbox 986 2926 1259 3008; x_wconf 80' lang='lat' dir='ltr'><strong>occultum,clain</strong></span> <span class='ocrx_word' id='word_1_201' title='bbox 1275 2926 1365 2993; x_wconf 89' lang='lat' dir='ltr'><strong>inter</strong></span> <span class='ocrx_word' id='word_1_202' title='bbox 1379 2936 1493 3012; x_wconf 90' lang='lat' dir='ltr'><strong>partes</strong></span> 
     </span>
     <span class='ocr_line' id='line_1_28' title="bbox 247 3011 1494 3082; baseline -0.001 -1"><span class='ocrx_word' id='word_1_203' title='bbox 247 3036 426 3082; x_wconf 90' lang='lat' dir='ltr'><strong>consensus</strong></span> <span class='ocrx_word' id='word_1_204' title='bbox 448 3011 659 3078; x_wconf 87' lang='lat' dir='ltr'><strong>renovandus</strong></span> <span class='ocrx_word' id='word_1_205' title='bbox 694 3019 755 3077; x_wconf 92' lang='lat' dir='ltr'><strong>est.</strong></span> <span class='ocrx_word' id='word_1_206' title='bbox 790 3012 905 3078; x_wconf 85' lang='lat' dir='ltr'><strong>Etiam</strong></span> <span class='ocrx_word' id='word_1_207' title='bbox 939 3011 1016 3080; x_wconf 93' lang='lat' dir='ltr'><strong>dum</strong></span> <span class='ocrx_word' id='word_1_208' title='bbox 1047 3015 1296 3080; x_wconf 85' lang='lat' dir='ltr'><strong>matrimonium</strong></span> <span class='ocrx_word' id='word_1_209' title='bbox 1320 3037 1337 3080; x_wconf 90' lang='lat' dir='ltr'><strong>e</strong></span> <span class='ocrx_word' id='word_1_210' title='bbox 1361 3013 1494 3080; x_wconf 84' lang='lat' dir='ltr'><strong>defectu</strong></span> 
     </span>
     <span class='ocr_line' id='line_1_29' title="bbox 247 3101 1494 3191; baseline 0 -23"><span class='ocrx_word' id='word_1_211' title='bbox 247 3103 318 3170; x_wconf 88' lang='lat' dir='ltr'><strong>veri</strong></span> <span class='ocrx_word' id='word_1_212' title='bbox 342 3109 377 3168; x_wconf 94' lang='lat' dir='ltr'><strong>et</strong></span> <span class='ocrx_word' id='word_1_213' title='bbox 400 3101 495 3167; x_wconf 90' lang='lat' dir='ltr'><strong>liberi</strong></span> <span class='ocrx_word' id='word_1_214' title='bbox 520 3121 698 3166; x_wconf 88' lang='lat' dir='ltr'><strong>consensus</strong></span> <span class='ocrx_word' id='word_1_215' title='bbox 732 3101 870 3180; x_wconf 91' lang='lat' dir='ltr'><strong>nullum,</strong></span> <span class='ocrx_word' id='word_1_216' title='bbox 906 3105 1069 3190; x_wconf 90' lang='lat' dir='ltr'><strong>praestito</strong></span> <span class='ocrx_word' id='word_1_217' title='bbox 1100 3102 1309 3191; x_wconf 90' lang='lat' dir='ltr'><strong>postmodum</strong></span> <span class='ocrx_word' id='word_1_218' title='bbox 1332 3124 1494 3169; x_wconf 90' lang='lat' dir='ltr'><strong>consensu</strong></span> 
     </span>
     <span class='ocr_line' id='line_1_30' title="bbox 247 3187 1492 3276; baseline -0.002 -19"><span class='ocrx_word' id='word_1_219' title='bbox 247 3191 318 3258; x_wconf 88' lang='lat' dir='ltr'><strong>sive</strong></span> <span class='ocrx_word' id='word_1_220' title='bbox 341 3190 442 3256; x_wconf 92' lang='lat' dir='ltr'><strong>verbo</strong></span> <span class='ocrx_word' id='word_1_221' title='bbox 466 3189 536 3254; x_wconf 86' lang='lat' dir='ltr'><strong>sive</strong></span> <span class='ocrx_word' id='word_1_222' title='bbox 560 3187 659 3260; x_wconf 87' lang='lat' dir='ltr'><strong>facto.</strong></span> <span class='ocrx_word' id='word_1_223' title='bbox 694 3196 776 3276; x_wconf 90' lang='lat' dir='ltr'><strong>puta</strong></span> <span class='ocrx_word' id='word_1_224' title='bbox 809 3191 954 3256; x_wconf 86' lang='lat' dir='ltr'><strong>maritali</strong></span> <span class='ocrx_word' id='word_1_225' title='bbox 989 3191 1235 3257; x_wconf 82' lang='lat' dir='ltr'><strong>cohabitatione</strong></span> <span class='ocrx_word' id='word_1_226' title='bbox 1270 3196 1305 3257; x_wconf 92' lang='lat' dir='ltr'><strong>et</strong></span> <span class='ocrx_word' id='word_1_227' title='bbox 1339 3213 1403 3256; x_wconf 94' lang='lat' dir='ltr'><strong>usu</strong></span> <span class='ocrx_word' id='word_1_228' title='bbox 1428 3213 1492 3255; x_wconf 92' lang='lat' dir='ltr'><strong>ma-</strong></span> 
     </span>
     <span class='ocr_line' id='line_1_31' title="bbox 247 3273 1493 3358; baseline -0.002 -13"><span class='ocrx_word' id='word_1_229' title='bbox 247 3277 395 3345; x_wconf 89' lang='lat' dir='ltr'><strong>trimonii</strong></span> <span class='ocrx_word' id='word_1_230' title='bbox 431 3273 553 3342; x_wconf 86' lang='lat' dir='ltr'><strong>affectu</strong></span> <span class='ocrx_word' id='word_1_231' title='bbox 589 3277 743 3358; x_wconf 89' lang='lat' dir='ltr'><strong>maritali,</strong></span> <span class='ocrx_word' id='word_1_232' title='bbox 778 3277 1021 3358; x_wconf 87' lang='lat' dir='ltr'><strong>convalidatur,</strong></span> <span class='ocrx_word' id='word_1_233' title='bbox 1057 3277 1100 3346; x_wconf 90' lang='lat' dir='ltr'><strong>ad</strong></span> <span class='ocrx_word' id='word_1_234' title='bbox 1134 3300 1228 3344; x_wconf 91' lang='lat' dir='ltr'><strong>omne</strong></span> <span class='ocrx_word' id='word_1_235' title='bbox 1263 3278 1303 3344; x_wconf 91' lang='lat' dir='ltr'><strong>de</strong></span> <span class='ocrx_word' id='word_1_236' title='bbox 1332 3300 1493 3344; x_wconf 88' lang='lat' dir='ltr'><strong>consensu</strong></span> 
     </span>
     <span class='ocr_line' id='line_1_32' title="bbox 246 3364 1491 3455; baseline -0.003 -21"><span class='ocrx_word' id='word_1_237' title='bbox 246 3366 409 3455; x_wconf 89' lang='lat' dir='ltr'><strong>praestito</strong></span> <span class='ocrx_word' id='word_1_238' title='bbox 433 3364 569 3430; x_wconf 90' lang='lat' dir='ltr'><strong>dubium</strong></span> <span class='ocrx_word' id='word_1_239' title='bbox 592 3365 808 3431; x_wconf 90' lang='lat' dir='ltr'><strong>avertendum</strong></span> <span class='ocrx_word' id='word_1_240' title='bbox 831 3367 1019 3434; x_wconf 90' lang='lat' dir='ltr'><strong>consultum</strong></span> <span class='ocrx_word' id='word_1_241' title='bbox 1051 3373 1112 3449; x_wconf 89' lang='lat' dir='ltr'><strong>est,</strong></span> <span class='ocrx_word' id='word_1_242' title='bbox 1136 3377 1176 3432; x_wconf 93' lang='lat' dir='ltr'><strong>ut</strong></span> <span class='ocrx_word' id='word_1_243' title='bbox 1200 3366 1358 3454; x_wconf 90' lang='lat' dir='ltr'><strong>conjuges</strong></span> <span class='ocrx_word' id='word_1_244' title='bbox 1381 3385 1491 3432; x_wconf 89' lang='lat' dir='ltr'><strong>coram</strong></span> 
     </span>
     <span class='ocr_line' id='line_1_33' title="bbox 247 3451 1490 3544; baseline -0.002 -23"><span class='ocrx_word' id='word_1_245' title='bbox 247 3453 389 3544; x_wconf 80' lang='lat' dir='ltr'><strong>parocho</strong></span> <span class='ocrx_word' id='word_1_246' title='bbox 414 3457 449 3519; x_wconf 90' lang='lat' dir='ltr'><strong>et</strong></span> <span class='ocrx_word' id='word_1_247' title='bbox 471 3451 599 3518; x_wconf 89' lang='lat' dir='ltr'><strong>duobus</strong></span> <span class='ocrx_word' id='word_1_248' title='bbox 622 3453 767 3518; x_wconf 88' lang='lat' dir='ltr'><strong>testibus</strong></span> <span class='ocrx_word' id='word_1_249' title='bbox 790 3476 985 3520; x_wconf 89' lang='lat' dir='ltr'><strong>consensum</strong></span> <span class='ocrx_word' id='word_1_250' title='bbox 1009 3478 1104 3521; x_wconf 90' lang='lat' dir='ltr'><strong>suum</strong></span> <span class='ocrx_word' id='word_1_251' title='bbox 1128 3453 1490 3521; x_wconf 86' lang='lat' dir='ltr'><strong>declarentParochus</strong></span> 
     </span>
     <span class='ocr_line' id='line_1_34' title="bbox 247 3541 1492 3630; baseline -0.002 -22"><span class='ocrx_word' id='word_1_252' title='bbox 247 3553 358 3610; x_wconf 90' lang='lat' dir='ltr'><strong>autem</strong></span> <span class='ocrx_word' id='word_1_253' title='bbox 382 3561 548 3628; x_wconf 89' lang='lat' dir='ltr'><strong>nunquam</strong></span> <span class='ocrx_word' id='word_1_254' title='bbox 571 3563 635 3606; x_wconf 92' lang='lat' dir='ltr'><strong>non</strong></span> <span class='ocrx_word' id='word_1_255' title='bbox 660 3541 960 3609; x_wconf 89' lang='lat' dir='ltr'><strong>convalidationem</strong></span> <span class='ocrx_word' id='word_1_256' title='bbox 972 3550 1140 3630; x_wconf 89' lang='lat' dir='ltr'><strong>peractam</strong></span> <span class='ocrx_word' id='word_1_257' title='bbox 1155 3543 1239 3608; x_wconf 93' lang='lat' dir='ltr'><strong>libro</strong></span> <span class='ocrx_word' id='word_1_258' title='bbox 1263 3541 1492 3630; x_wconf 89' lang='lat' dir='ltr'><strong>copulatorum</strong></span> 
     </span>
     <span class='ocr_line' id='line_1_35' title="bbox 246 3628 1492 3718; baseline -0.002 -21"><span class='ocrx_word' id='word_1_259' title='bbox 246 3629 392 3697; x_wconf 88' lang='lat' dir='ltr'><strong>inserere</strong></span> <span class='ocrx_word' id='word_1_260' title='bbox 416 3629 534 3714; x_wconf 89' lang='lat' dir='ltr'><strong>debet;</strong></span> <span class='ocrx_word' id='word_1_261' title='bbox 559 3628 689 3717; x_wconf 89' lang='lat' dir='ltr'><strong>quando</strong></span> <span class='ocrx_word' id='word_1_262' title='bbox 702 3638 812 3696; x_wconf 90' lang='lat' dir='ltr'><strong>autem</strong></span> <span class='ocrx_word' id='word_1_263' title='bbox 826 3631 1015 3718; x_wconf 86' lang='lat' dir='ltr'><strong>conjunctio</strong></span> <span class='ocrx_word' id='word_1_264' title='bbox 1033 3631 1181 3696; x_wconf 89' lang='lat' dir='ltr'><strong>invalida</strong></span> <span class='ocrx_word' id='word_1_265' title='bbox 1194 3631 1228 3696; x_wconf 92' lang='lat' dir='ltr'><strong>in</strong></span> <span class='ocrx_word' id='word_1_266' title='bbox 1245 3630 1312 3695; x_wconf 89' lang='lat' dir='ltr'><strong>alia</strong></span> <span class='ocrx_word' id='word_1_267' title='bbox 1335 3629 1492 3717; x_wconf 90' lang='lat' dir='ltr'><strong>parocbia</strong></span> 
     </span>
     <span class='ocr_line' id='line_1_36' title="bbox 246 3716 1489 3806; baseline -0.002 -21"><span class='ocrx_word' id='word_1_268' title='bbox 246 3725 418 3786; x_wconf 89' lang='lat' dir='ltr'><strong>contracta</strong></span> <span class='ocrx_word' id='word_1_269' title='bbox 440 3717 552 3798; x_wconf 88' lang='lat' dir='ltr'><strong>fuerit,</strong></span> <span class='ocrx_word' id='word_1_270' title='bbox 588 3739 688 3806; x_wconf 88' lang='lat' dir='ltr'><strong>super</strong></span> <span class='ocrx_word' id='word_1_271' title='bbox 721 3725 856 3806; x_wconf 87' lang='lat' dir='ltr'><strong>peracta</strong></span> <span class='ocrx_word' id='word_1_272' title='bbox 902 3718 1178 3800; x_wconf 88' lang='lat' dir='ltr'><strong>convalidatione,</strong></span> <span class='ocrx_word' id='word_1_273' title='bbox 1203 3718 1305 3784; x_wconf 89' lang='lat' dir='ltr'><strong>etiam</strong></span> <span class='ocrx_word' id='word_1_274' title='bbox 1329 3717 1402 3806; x_wconf 87' lang='lat' dir='ltr'><strong>ejus</strong></span> <span class='ocrx_word' id='word_1_275' title='bbox 1427 3716 1489 3784; x_wconf 91' lang='lat' dir='ltr'><strong>loci</strong></span> 
     </span>
     <span class='ocr_line' id='line_1_37' title="bbox 247 3804 1488 3895; baseline -0.002 -22"><span class='ocrx_word' id='word_1_276' title='bbox 247 3806 409 3894; x_wconf 89' lang='lat' dir='ltr'><strong>parochus</strong></span> <span class='ocrx_word' id='word_1_277' title='bbox 432 3804 618 3871; x_wconf 90' lang='lat' dir='ltr'><strong>edocendus</strong></span> <span class='ocrx_word' id='word_1_278' title='bbox 641 3810 703 3886; x_wconf 90' lang='lat' dir='ltr'><strong>est,</strong></span> <span class='ocrx_word' id='word_1_279' title='bbox 716 3814 755 3871; x_wconf 89' lang='lat' dir='ltr'><strong>ut</strong></span> <span class='ocrx_word' id='word_1_280' title='bbox 778 3806 848 3893; x_wconf 90' lang='lat' dir='ltr'><strong>ipse</strong></span> <span class='ocrx_word' id='word_1_281' title='bbox 863 3829 990 3895; x_wconf 88' lang='lat' dir='ltr'><strong>quoque</strong></span> <span class='ocrx_word' id='word_1_282' title='bbox 1006 3806 1309 3873; x_wconf 87' lang='lat' dir='ltr'><strong>convalidationem</strong></span> <span class='ocrx_word' id='word_1_283' title='bbox 1344 3813 1488 3872; x_wconf 80' lang='lat' dir='ltr'><strong>erectam</strong></span> 
     </span>
     <span class='ocr_line' id='line_1_38' title="bbox 245 3829 1493 3983; baseline -0.002 -22"><span class='ocrx_word' id='word_1_284' title='bbox 245 3897 279 3961; x_wconf 90' lang='lat' dir='ltr'><strong>in</strong></span> <span class='ocrx_word' id='word_1_285' title='bbox 304 3895 493 3983; x_wconf 88' lang='lat' dir='ltr'><strong>scriptione,</strong></span> <span class='ocrx_word' id='word_1_286' title='bbox 517 3915 601 3979; x_wconf 89' lang='lat' dir='ltr'><strong>quae</strong></span> <span class='ocrx_word' id='word_1_287' title='bbox 624 3893 664 3958; x_wconf 92' lang='lat' dir='ltr'><strong>de</strong></span> <span class='ocrx_word' id='word_1_288' title='bbox 688 3894 898 3961; x_wconf 89' lang='lat' dir='ltr'><strong>matrimonio</strong></span> <span class='ocrx_word' id='word_1_289' title='bbox 927 3894 1075 3959; x_wconf 90' lang='lat' dir='ltr'><strong>invalido</strong></span> <span class='ocrx_word' id='word_1_290' title='bbox 1111 3895 1200 3961; x_wconf 82' lang='lat' dir='ltr'><strong>iacta</strong></span> <span class='ocrx_word' id='word_1_291' title='bbox 1236 3894 1291 3974; x_wconf 90' lang='lat' dir='ltr'><strong>sit,</strong></span> <span class='ocrx_word' id='word_1_292' title='bbox 1312 3829 1493 3980; x_wconf 80' lang='lat' dir='ltr'><strong>diligenter</strong></span> 
     </span>
     <span class='ocr_line' id='line_1_39' title="bbox 246 3980 1491 4072; baseline -0.002 -24"><span class='ocrx_word' id='word_1_293' title='bbox 246 3981 419 4070; x_wconf 87' lang='lat' dir='ltr'><strong>adjungat.</strong></span> <span class='ocrx_word' id='word_1_294' title='bbox 444 3985 579 4068; x_wconf 83' lang='lat' dir='ltr'><strong>(confer.</strong></span> <span class='ocrx_word' id='word_1_295' title='bbox 603 3980 843 4048; x_wconf 90' lang='lat' dir='ltr'><strong>Instructionis</strong></span> <span class='ocrx_word' id='word_1_296' title='bbox 867 3987 894 4067; x_wconf 58' lang='grc' dir='ltr'><strong>ᾗ.</strong></span> <span class='ocrx_word' id='word_1_297' title='bbox 919 3981 1075 4072; x_wconf 83' lang='lat'>88-93.)</span> <span class='ocrx_word' id='word_1_298' title='bbox 1100 3982 1349 4049; x_wconf 88' lang='lat' dir='ltr'><strong>Matrimonium</strong></span> <span class='ocrx_word' id='word_1_299' title='bbox 1374 4004 1491 4048; x_wconf 91' lang='lat' dir='ltr'><strong>conva-</strong></span> 
     </span>
     <span class='ocr_line' id='line_1_40' title="bbox 247 4069 1490 4151; baseline -0.001 -16"><span class='ocrx_word' id='word_1_300' title='bbox 247 4069 386 4137; x_wconf 87' lang='lat' dir='ltr'><strong>lidatum</strong></span> <span class='ocrx_word' id='word_1_301' title='bbox 423 4069 553 4137; x_wconf 91' lang='lat' dir='ltr'><strong>eosdem</strong></span> <span class='ocrx_word' id='word_1_302' title='bbox 585 4069 686 4137; x_wconf 89' lang='lat' dir='ltr'><strong>babet</strong></span> <span class='ocrx_word' id='word_1_303' title='bbox 720 4069 857 4136; x_wconf 86' lang='lat' dir='ltr'><strong>effectus</strong></span> <span class='ocrx_word' id='word_1_304' title='bbox 893 4070 1019 4151; x_wconf 87' lang='lat' dir='ltr'><strong>civiles,</strong></span> <span class='ocrx_word' id='word_1_305' title='bbox 1055 4093 1093 4136; x_wconf 88' lang='lat' dir='ltr'><strong>ac</strong></span> <span class='ocrx_word' id='word_1_306' title='bbox 1121 4073 1151 4138; x_wconf 92' lang='lat' dir='ltr'><strong>si</strong></span> <span class='ocrx_word' id='word_1_307' title='bbox 1192 4072 1232 4136; x_wconf 92' lang='lat' dir='ltr'><strong>ab</strong></span> <span class='ocrx_word' id='word_1_308' title='bbox 1256 4070 1355 4151; x_wconf 83' lang='lat' dir='ltr'><strong>initio</strong></span> <span class='ocrx_word' id='word_1_309' title='bbox 1379 4069 1490 4135; x_wconf 89' lang='lat' dir='ltr'><strong>valide</strong></span> 
     </span>
     <span class='ocr_line' id='line_1_41' title="bbox 247 4157 1491 4236; baseline -0.003 -10"><span class='ocrx_word' id='word_1_310' title='bbox 247 4166 453 4226; x_wconf 84' lang='lat' dir='ltr'><strong>contractum</strong></span> <span class='ocrx_word' id='word_1_311' title='bbox 495 4158 625 4224; x_wconf 88' lang='lat' dir='ltr'><strong>fuisset.</strong></span> <span class='ocrx_word' id='word_1_312' title='bbox 649 4157 742 4225; x_wconf 92' lang='lat' dir='ltr'><strong>Idem</strong></span> <span class='ocrx_word' id='word_1_313' title='bbox 781 4157 821 4224; x_wconf 92' lang='lat' dir='ltr'><strong>de</strong></span> <span class='ocrx_word' id='word_1_314' title='bbox 856 4159 1029 4224; x_wconf 88' lang='lat' dir='ltr'><strong>effectibus</strong></span> <span class='ocrx_word' id='word_1_315' title='bbox 1075 4159 1309 4226; x_wconf 88' lang='lat' dir='ltr'><strong>ecclesiasticis</strong></span> <span class='ocrx_word' id='word_1_316' title='bbox 1354 4159 1491 4236; x_wconf 89' lang='lat' dir='ltr'><strong>obtinet,</strong></span> 
     </span>
     <span class='ocr_line' id='line_1_42' title="bbox 247 4246 1491 4335; baseline -0.003 -21"><span class='ocrx_word' id='word_1_317' title='bbox 247 4246 378 4335; x_wconf 91' lang='lat' dir='ltr'><strong>quando</strong></span> <span class='ocrx_word' id='word_1_318' title='bbox 400 4246 451 4313; x_wconf 90' lang='lat' dir='ltr'><strong>vel</strong></span> <span class='ocrx_word' id='word_1_319' title='bbox 474 4267 541 4312; x_wconf 89' lang='lat' dir='ltr'><strong>una</strong></span> <span class='ocrx_word' id='word_1_320' title='bbox 564 4252 695 4312; x_wconf 91' lang='lat' dir='ltr'><strong>tantum</strong></span> <span class='ocrx_word' id='word_1_321' title='bbox 731 4265 808 4334; x_wconf 85' lang='lat' dir='ltr'><strong>pars</strong></span> <span class='ocrx_word' id='word_1_322' title='bbox 839 4247 1029 4333; x_wconf 85' lang='lat' dir='ltr'><strong>nuptiarum</strong></span> <span class='ocrx_word' id='word_1_323' title='bbox 1065 4248 1306 4314; x_wconf 86' lang='lat' dir='ltr'><strong>celebratarum</strong></span> <span class='ocrx_word' id='word_1_324' title='bbox 1341 4251 1491 4334; x_wconf 87' lang='lat' dir='ltr'><strong>tempore</strong></span> 
     </span>
     <span class='ocr_line' id='line_1_43' title="bbox 246 4333 1488 4423; baseline -0.002 -21"><span class='ocrx_word' id='word_1_325' title='bbox 246 4335 438 4422; x_wconf 82' lang='lat' dir='ltr'><strong>ignorantia</strong></span> <span class='ocrx_word' id='word_1_326' title='bbox 460 4333 541 4400; x_wconf 89' lang='lat' dir='ltr'><strong>facti</strong></span> <span class='ocrx_word' id='word_1_327' title='bbox 565 4342 624 4400; x_wconf 91' lang='lat' dir='ltr'><strong>aut</strong></span> <span class='ocrx_word' id='word_1_328' title='bbox 644 4334 730 4422; x_wconf 88' lang='lat' dir='ltr'><strong>juris</strong></span> <span class='ocrx_word' id='word_1_329' title='bbox 755 4335 891 4402; x_wconf 90' lang='lat' dir='ltr'><strong>detenta</strong></span> <span class='ocrx_word' id='word_1_330' title='bbox 914 4334 1025 4401; x_wconf 82' lang='lat' dir='ltr'><strong>fuerit.</strong></span> <span class='ocrx_word' id='word_1_331' title='bbox 1043 4336 1138 4402; x_wconf 89' lang='lat' dir='ltr'><strong>Alias</strong></span> <span class='ocrx_word' id='word_1_332' title='bbox 1162 4335 1204 4402; x_wconf 92' lang='lat' dir='ltr'><strong>ad</strong></span> <span class='ocrx_word' id='word_1_333' title='bbox 1229 4333 1488 4423; x_wconf 89' lang='lat' dir='ltr'><strong>dispensationis</strong></span> 
     </span>
     <span class='ocr_line' id='line_1_44' title="bbox 247 4421 969 4511; baseline -0.004 -21"><span class='ocrx_word' id='word_1_334' title='bbox 247 4422 428 4492; x_wconf 90' lang='lat' dir='ltr'><strong>remedium</strong></span> <span class='ocrx_word' id='word_1_335' title='bbox 452 4422 708 4509; x_wconf 76' lang='lat' dir='ltr'><strong>confugiendum</strong></span> <span class='ocrx_word' id='word_1_336' title='bbox 731 4422 807 4489; x_wconf 89' lang='lat' dir='ltr'><strong>erit.</strong></span> <span class='ocrx_word' id='word_1_337' title='bbox 833 4425 875 4508; x_wconf 60' lang='grc' dir='ltr'><strong>(ᾖ.</strong></span> <span class='ocrx_word' id='word_1_338' title='bbox 899 4421 969 4511; x_wconf 83' lang='grc'>94.)</span> 
     </span>
    </p>
   </div>
   <div class='ocr_carea' id='block_1_7' title="bbox 243 4565 1426 4700">
    <p class='ocr_par' dir='ltr' id='par_1_8' title="bbox 243 4565 1426 4700">
     <span class='ocr_line' id='line_1_45' title="bbox 243 4565 1426 4700; baseline -0.004 -19"><span class='ocrx_word' id='word_1_339' title='bbox 243 4565 246 4578; x_wconf 46' lang='grc'>’</span> <span class='ocrx_word' id='word_1_340' title='bbox 303 4603 338 4700; x_wconf 71' lang='lat'><strong>§-</strong></span> <span class='ocrx_word' id='word_1_341' title='bbox 369 4598 464 4684; x_wconf 85' lang='lat'><strong>134.</strong></span> <span class='ocrx_word' id='word_1_342' title='bbox 491 4601 555 4682; x_wconf 91' lang='lat' dir='ltr'><strong>De</strong></span> <span class='ocrx_word' id='word_1_343' title='bbox 581 4599 740 4682; x_wconf 90' lang='lat' dir='ltr'><strong>Judioe</strong></span> <span class='ocrx_word' id='word_1_344' title='bbox 767 4621 998 4684; x_wconf 88' lang='lat' dir='ltr'><strong>causarum</strong></span> <span class='ocrx_word' id='word_1_345' title='bbox 1023 4597 1426 4684; x_wconf 91' lang='lat' dir='ltr'><strong>matrimonialium.</strong></span> 
     </span>
    </p>
   </div>
   <div class='ocr_carea' id='block_1_8' title="bbox 249 4725 1491 4910">
    <p class='ocr_par' dir='ltr' id='par_1_9' title="bbox 249 4725 1491 4910">
     <span class='ocr_line' id='line_1_46' title="bbox 343 4725 1491 4794; baseline -0.003 0"><span class='ocrx_word' id='word_1_346' title='bbox 343 4726 369 4794; x_wconf 85' lang='lat' dir='ltr'><strong>J</strong></span> <span class='ocrx_word' id='word_1_347' title='bbox 370 4725 458 4794; x_wconf 86' lang='lat' dir='ltr'><strong>udex</strong></span> <span class='ocrx_word' id='word_1_348' title='bbox 480 4747 653 4793; x_wconf 89' lang='lat' dir='ltr'><strong>cansarum</strong></span> <span class='ocrx_word' id='word_1_349' title='bbox 676 4725 968 4792; x_wconf 85' lang='lat' dir='ltr'><strong>matrimonialium</strong></span> <span class='ocrx_word' id='word_1_350' title='bbox 1023 4732 1161 4792; x_wconf 91' lang='lat' dir='ltr'><strong>uantum</strong></span> <span class='ocrx_word' id='word_1_351' title='bbox 1184 4726 1228 4792; x_wconf 91' lang='lat' dir='ltr'><strong>ad</strong></span> <span class='ocrx_word' id='word_1_352' title='bbox 1249 4731 1491 4794; x_wconf 88' lang='lat' dir='ltr'><strong>sacramentum</strong></span> 
     </span>
     <span class='ocr_line' id='line_1_47' title="bbox 249 4747 1491 4910; baseline -0.003 -26"><span class='ocrx_word' id='word_1_353' title='bbox 249 4821 283 4892; x_wconf 84' lang='lat' dir='ltr'><strong>et</strong></span> <span class='ocrx_word' id='word_1_354' title='bbox 316 4813 537 4910; x_wconf 89' lang='lat' dir='ltr'><strong>obligationes</strong></span> <span class='ocrx_word' id='word_1_355' title='bbox 571 4835 613 4881; x_wconf 86' lang='lat' dir='ltr'><strong>ex</strong></span> <span class='ocrx_word' id='word_1_356' title='bbox 646 4836 684 4880; x_wconf 93' lang='lat' dir='ltr'><strong>eo</strong></span> <span class='ocrx_word' id='word_1_357' title='bbox 713 4811 889 4898; x_wconf 34' lang='lat' dir='ltr'><strong>,derivatas</strong></span> <span class='ocrx_word' id='word_1_358' title='bbox 919 4818 972 4880; x_wconf 89' lang='lat' dir='ltr'><strong>est</strong></span> <span class='ocrx_word' id='word_1_359' title='bbox 1000 4747 1174 4882; x_wconf 71' lang='lat' dir='ltr'><strong>iudicium</strong></span> <span class='ocrx_word' id='word_1_360' title='bbox 1219 4813 1491 4896; x_wconf 86' lang='lat' dir='ltr'><strong>ecclesiasticum,</strong></span> 
     </span>
    </p>
   </div>
   <div class='ocr_carea' id='block_1_9' title="bbox 0 0 1717 5348">
    <p class='ocr_par' dir='ltr' id='par_1_10' title="bbox 0 0 1717 5348">
     <span class='ocr_line' id='line_1_48' title="bbox 0 0 1717 5348; baseline 0 0"><span class='ocrx_word' id='word_1_361' title='bbox 0 0 1717 5348; x_wconf 95' lang='lat' dir='ltr'><strong> </strong></span> 
     </span>
    </p>
   </div>
  </div>
 </body>
</html>
