3426 5368
816 339 938 442 210
1057 293 1061 317 ¹

509 695 510 702 ¹
607 670 641 763 ἓ.
674 667 767 748 169.
795 667 858 748 De
887 667 1178 749 Contumacia.

368 812 583 881 Contumacia
607 811 838 892 committitur,
880 813 957 878 dum
992 813 1202 899 quiscerem
1227 813 1350 897 judicio
1377 815 1523 900 legitime

273 905 397 970 citatus
436 924 502 966 non
537 906 715 988 comparet,
751 908 810 964 aut
856 899 931 966 aliis
961 900 1063 988 justis
1100 901 1222 986 judicis
1258 902 1424 968 mandatis
1459 925 1524 969 non

273 989 395 1058 obedit.
442 988 629 1057 Contumax
651 994 787 1076 petente
821 989 949 1056 Actora
981 988 1200 1055 adterendae
1224 988 1366 1075 neglecti
1391 991 1525 1057 termini

273 1099 434 1167 expensas
458 1077 707 1156 condemnatur,
732 1083 808 1163 post
841 1077 978 1142 tertiam
1013 1098 1092 1142 vero
1117 1077 1312 1144 citationem
1336 1078 1525 1145 dilatoriam

273 1167 301 1234 si
325 1189 391 1232 nou
414 1171 612 1252 compareat,
636 1187 735 1230 causa
774 1163 948 1232 deciditur.
975 1164 1102 1247 Quodsi
1134 1172 1246 1232 autem
1281 1167 1526 1254 peremptoriae

273 1255 425 1322 citationi
450 1276 515 1320 non
540 1253 683 1329 obediat,
722 1253 902 1320 intentatis
933 1253 1146 1340 gravioribus
1180 1255 1295 1341 poenis
1319 1261 1353 1320 et
1377 1255 1527 1320 censuris

273 1343 316 1411 ad
339 1341 592 1432 comparendum
616 1339 837 1427 compellitur,
875 1347 908 1406 et
939 1342 967 1408 01
999 1340 1137 1407 necdum
1173 1349 1373 1429 compareat,
1399 1364 1440 1408 ex
1462 1365 1527 1408 non

274 1430 424 1499 defendit
455 1428 673 1496 convincitur.

334 1612 369 1706 ἓ.
402 1608 493 1689 170.
523 1607 587 1688 De
614 1605 961 1687 Proclamationc
1003 1630 1161 1690 causae
1190 1610 1233 1690 et
1260 1631 1470 1712 processu
1521 1591 1523 1595 ’

772 1731 1036 1833 probatorio.

370 1880 453 1946 Post
474 1878 562 1944 Litia
586 1877 862 1943 contestationem
899 1878 1124 1966 proclamatur
1154 1901 1262 1960 causa,
1288 1879 1432 1948 Notario
1457 1903 1534 1969 pro-

275 1970 506 2037 clamationem
551 1965 769 2045 adscribente,
815 1972 892 2054 post
938 1967 1025 2054 quod
1072 1969 1161 2033 Acta
1196 1968 1434 2035 Reoconvento
1476 1969 1531 2034 vel

274 2059 407 2125 Incetto
453 2061 512 2120 aut
548 2054 619 2140 ejus
650 2053 865 2119 Procuratori
888 2057 1123 2141 protermino
1150 2055 1200 2120 15.
1226 2057 1364 2133 dierum,
1391 2057 1445 2121 vel
1471 2079 1534 2145 pro

275 2146 415 2212 arbitrio
438 2143 559 2230 judicis
602 2142 744 2227 longiori
780 2142 972 2222 traduntur,
1019 2150 1119 2231 atque
1156 2151 1273 2210 contra
1295 2145 1457 2210 Actorem
1483 2167 1532 2210 re·

275 2234 389 2321 plicat,
415 2230 570 2319 producit
594 2229 762 2297 contraria
786 2229 991 2311 documenta,
1027 2237 1132 2297 testes
1156 2238 1190 2298 et
1213 2240 1421 2317 argumenta,
1445 2256 1536 2318 quae

275 2324 396 2389 iterum
433 2342 505 2385 oum
544 2322 671 2385 Actore
717 2321 1009 2398 communicantur,
1056 2321 1168 2407 sicque
1200 2320 1308 2386 tribus
1349 2320 1534 2401 ordinarie,

276 2431 443 2496 nunquam
467 2412 578 2474 autem
602 2429 703 2494 supra
726 2407 870 2492 quinque
884 2407 1141 2492 allegationibus
1155 2430 1214 2495 pro
1239 2415 1273 2473 et
1296 2415 1414 2475 contra
1438 2409 1532 2474 exbi-

276 2496 368 2577 bitis,
393 2517 566 2584 processus
590 2496 632 2560 ad
655 2496 854 2562 sententiam
891 2495 1058 2560 ferendam
1082 2502 1310 2582 praeparatur.

591 2675 625 2767 ξ.
659 2674 750 2754 171.
779 2673 841 2752 De
869 2672 1213 2774 probationibus.
1257 2701 1261 2708 ·

372 2819 549 2891 Asserenti
567 2817 734 2910 ‚incumbit
757 2820 870 2905 proba,
895 2821 966 2884 sive
991 2819 1128 2886 Actoris
1159 2819 1306 2887 officium
1330 2826 1392 2900 est,
1418 2843 1536 2886 coram

276 2910 395 2979 Judice
420 2929 458 2972 ea
481 2907 629 2994 probare,
666 2928 749 2990 quae
782 2908 1045 2992 praetensionem
1078 2930 1171 2973 suam
1203 2915 1318 2973 eontra
1353 2909 1537 2975 Iucattum

277 2997 461 3065 stabiliant.
487 2995 550 3060 Est
572 3002 683 3059 autem
707 2995 859 3082 probatio
883 2995 947 3060 alia
972 2996 1080 3082 plena,
1104 3017 1187 3083 quae
1206 2996 1245 3060 fit
1257 3018 1316 3083 per
1327 2998 1538 3074 testimonia,

276 3108 366 3176 quae¹
384 3083 562 3150 secundum
587 3082 677 3168 leges
702 3082 743 3146 ad
767 3081 848 3148 facti
872 3083 1050 3149 veritatem
1086 3083 1298 3150 evincendam
1324 3083 1537 3170 sufficiunt;

277 3197 370 3242 secus
394 3178 446 3238 est
469 3170 659 3259 semiplena.
684 3169 739 3236 Sic
762 3172 989 3256 probationem
1026 3173 1156 3260 plenam
1182 3172 1310 3237 faciunt
1334 3171 1399 3236 duo
1424 3179 1539 3240 testes

277 3264 366 3330 omni
390 3260 582 3348 exceptione
606 3259 759 3345 majores,
783 3260 996 3346 semiplenam
1020 3266 1130 3326 autem
1162 3283 1246 3325 unus
1271 3267 1403 3325 tantum
1431 3262 1539 3328 testis

277 3352 365 3417 omni
389 3354 582 3436 exceptione
607 3370 721 3433 major.

548 3529 579 3620 1.
611 3524 703 3606 172.
734 3525 909 3627 Species
939 3525 1254 3628 probationum.

372 3652 506 3739 Species
530 3649 763 3737 probationum
787 3656 867 3715 sunt
891 3655 1086 3737 sequentes:
1126 3646 1130 3652 ’

372 3742 406 3824 α)
437 3739 500 3806 Rei
539 3739 715 3817 evidentia,
764 3761 821 3804 seu
867 3739 1034 3804 notorium
1080 3736 1259 3804 constituit
1304 3736 1539 3806 sufficientem

276 3828 431 3916 probam;
457 3835 505 3893 est
529 3833 639 3893 autem
664 3826 829 3892 notorium
854 3826 943 3892 aliud
965 3826 1056 3906 facti,
1082 3826 1169 3911 quod
1193 3825 1242 3889 ita
1261 3824 1430 3890 hominum
1457 3849 1535 3893 sen-

276 3916 368 3981 sibus
392 3920 496 4002 patet,
521 3914 676 3980 utnulla
700 3917 978 3999 tergiversatione
1011 3915 1110 3981 celari
1149 3919 1258 4002 queat,
1284 3913 1335 3978 vel
1361 3913 1537 3980 notorium

274 4003 369 4090 juris,
394 4002 482 4091 quod
505 4024 544 4068 ex
568 4008 658 4068 certo
694 4003 769 4088 jure
794 4003 846 4068 vel
870 4004 902 4068 in
926 4002 1051 4086 judicio
1088 4005 1203 4081 oritur,
1229 4001 1433 4089 proindeque
1460 4003 1539 4069 sola

276 4091 481 4177 allegatione
504 4113 568 4157 non
591 4090 787 4178 probatione
819 4091 958 4176 indiget.

374 4182 406 4266 b)
430 4179 544 4260 Fama,
578 4201 661 4266 quae
694 4181 722 4243 si
758 4178 885 4244 duobus
922 4183 1092 4265 spectatae
1118 4177 1196 4243 fidei
1220 4177 1364 4243 testibus
1388 4177 1540 4264 probata

277 4270 330 4348 sit,
354 4290 492 4353 gravem
516 4277 631 4333 contra
656 4268 822 4333 lnoattum
838 4269 1140 4354 praesumptionem
1163 4265 1360 4350 constituit;
1385 4265 1433 4330 sic
1458 4267 1537 4331 0010

276 4355 365 4422 fama
390 4355 429 4421 de
452 4355 620 4422 affinitate
652 4360 711 4420 aut
745 4356 1055 4442 consanguineitate
1092 4355 1261 4420 sufficiens
1295 4360 1537 4439 argumentum

277 4446 319 4511 ad
342 4446 384 4510 im
411 4444 584 4511 adiendum
608 4444 854 4509 matrimonium
878 4443 1031 4508 hebetur.

373 4467 408 4621 cl
428 4532 595 4618 Inspectio
620 4531 772 4611 ocularis,
797 4555 880 4620 quae
912 4531 963 4598 vel
1002 4530 1156 4620 partibus
1180 4530 1383 4618 petentibus,
1409 4528 1465 4594 vel
1494 4553 1539 4597 ex

278 4618 409 4686 decreto
455 4619 577 4707 judicie
615 4619 828 4685 instituitur:
861 4642 943 4704 quae
968 4621 994 4684 si
1020 4642 1040 4685 a
1064 4617 1146 4684 viris
1170 4619 1254 4684 artis
1286 4619 1401 4705 peritis
1428 4621 1538 4707 atque

280 4707 443 4794 adjuratis
467 4708 536 4790 fiat,
562 4731 713 4795 maguum
739 4707 1007 4796 adprobandum
1033 4713 1232 4772 momentum
1251 4707 1362 4771 babet.
