3426 5368
798 371 879 473 313.
899 465 923 476 .„

209 609 273 652 nus
296 589 577 653 interlocutoriam
613 587 655 653 ad
686 589 832 675 judicem
866 595 1066 678 superiorem
1104 592 1274 680 appellare
1306 595 1457 678 possunt,

210 674 305 761 cujus
329 675 517 742 enunciatio
541 674 680 761 obligat,
706 700 765 744 nec
788 678 929 744 ulterior
954 677 1055 744 datur
1089 679 1267 768 appellata.
1300 681 1342 764 (ξ.
1385 679 1457 745 103.

209 761 329 848 Instr.)

236 922 273 1014 ς.
304 919 396 1000 187.
424 919 487 1000 De
523 920 814 1022 competentia
850 922 879 1004 J
883 922 1019 1003 udicii
1054 923 1102 1003 in
1143 921 1434 1002 matrimoniis

316 1022 466 1103 mixtis
493 1022 817 1104 Catholicorum
851 1048 948 1106 curn
985 1050 1073 1106 non
1108 1025 1355 1108 Catholicis.

308 1145 349 1211 In
373 1147 593 1212 matrimoniis
631 1147 745 1213 mixtis
779 1146 1028 1218 catholicorum
1061 1172 1136 1217 cunr
1170 1171 1233 1215 non
1267 1147 1460 1228 Catholicis,

211 1255 292 1320 ergo
315 1235 415 1300 etiam
437 1239 546 1320 graeci
571 1238 657 1301 ritus
680 1237 877 1318 non-unitis,
901 1239 1060 1326 quamdiu
1083 1260 1150 1303 una
1196 1259 1250 1302 ars
1295 1236 1461 1303 catholica

212 1333 275 1401 est,
300 1343 368 1388 com
395 1329 487 1388 etens
508 1321 669 1404 judicium
695 1322 894 1391 catholicum
917 1333 980 1392 est.
1004 1328 1045 1412 (ἓ.
1070 1326 1122 1391 43.
1147 1261 1338 1412 Eirepatent
1378 1324 1460 1390 ‹ldto

213 1409 244 1475 7.
268 1408 341 1476 Oct.
367 1345 476 1498 isso.)
499 1409 534 1476 Si
558 1433 644 1476 unus
669 1411 857 1498 conjugum,
881 1414 938 1498 qui
962 1421 1111 1502 tempore
1134 1413 1210 1479 initi
1255 1411 1460 1479 matrimonii

213 1495 561 1578 acatholici-fuerunt,
586 1496 629 1563 ad
653 1499 749 1566 fidem
773 1501 973 1568 catholicam
1010 1509 1237 1581 convertatur,
1270 1522 1349 1588 pars
1384 1523 1462 1566 non-

216 1585 383 1652 catholica
406 1608 515 1652 coram
538 1587 701 1653 tribunali
724 1589 880 1676 propriae
903 1590 1119 1656 oonlessionis
1142 1589 1389 1654 matrimonium
1403 1588 1461 1653 im·

213 1695 364 1762 pugnare
386 1681 508 1762 potest,
532 1675 701 1742 sententia
726 1687 837 1742 tamen
861 1678 918 1744 viu
948 1678 1133 1762 Regiminis
1163 1679 1353 1765 provinciae
1388 1698 1461 1743 cum

214 1760 378 1828 catholico
401 1762 562 1829 tribunali
585 1784 645 1850 pro
669 1765 907 1849 cognoscendo,
932 1765 967 1832 in
1002 1777 1165 1853 quantum
1210 1787 1248 1830 ea
1293 1765 1461 1832 sententia

213 1857 343 1938 partem
367 1849 563 1917 catholicam
585 1851 621 1916 in
645 1851 846 1917 conscientia
870 1852 1007 1939 obliget,
1033 1851 1299 1920 communicanda
1319 1859 1380 1919 est.
1404 1851 1462 1918 Vi-

214 1937 325 2004 cissim
349 1958 427 2025 pars
451 1937 615 2006 catholica
640 1960 749 2005 coram
774 1963 833 2006 suo
858 1942 1022 2008 tribunali
1040 1941 1293 2035 matrimonium
1306 1962 1462 2007 accusare

214 2031 348 2115 potest;
372 2031 407 2092 et
429 2029 596 2094 sententia
620 2035 737 2093 contra
759 2028 905 2095 valorem
931 2029 1135 2096 matrimonii
1157 2029 1227 2094 late
1250 2051 1324 2096 cum
1358 2027 1463 2095 tribu·

214 2113 285 2180 nali
308 2112 512 2182 acatholicae
535 2115 642 2202 partis
665 2115 732 2182 fine
755 2117 1031 2204 pertractationis
1056 2118 1111 2184 vie
1155 2116 1345 2203 Regiminis
1389 2137 1463 2204 pro·

214 2201 345 2268 vinciae
369 2203 442 2288 (seu
464 2203 759 2293 locumtenentiae)
784 2205 1053 2274 communicanda
1077 2211 1138 2273 est.
1164 2206 1206 2291 (ἕ.
1248 2203 1302 2270 44.
1338 2210 1371 2270 et
1408 2204 1462 2270 45.

215 2289 431 2378 Ehepatent.)
454 2291 546 2378 Ergo
569 2294 603 2358 in
626 2291 770 2358 adducto
793 2316 872 2360 casu
894 2293 1065 2363 Judioium
1090 2303 1279 2381 competens
1290 2314 1351 2381 pro
1368 2301 1464 2380 parte

215 2377 459 2446 non-catholica
481 2386 594 2468 potest
617 2401 689 2445 esse
713 2381 1029 2449 nou-catholicorum
1054 2381 1209 2460 tribunal,
1225 2401 1284 2469 pro
1297 2380 1463 2446 catholica

216 2473 328 2534 autem
352 2474 447 2553 parte
470 2473 522 2534 est
546 2467 704 2534 iudicium
728 2477 916 2558 competens
940 2469 1150 2538 catholicum.
1176 2469 1273 2552 Quod
1310 2469 1340 2534 si
1360 2469 1464 2534 trihu·

216 2555 274 2621 nal
297 2552 516 2622 acatholicum
541 2557 787 2623 matrimonium
812 2559 958 2626 validum
983 2582 1055 2625 esse
1078 2558 1281 2637 annumeret,
1321 2557 1462 2623 liberum

217 2652 270 2710 est
291 2646 380 2731 parti
394 2643 598 2711 acatholicae
622 2643 819 2711 solutionem
844 2648 969 2714 vinculi
992 2669 1012 2713 a
1034 2645 1197 2713 tribunali
1221 2645 1385 2712 catholico
1409 2667 1464 2732 po·

217 2732 356 2812 stulare,
381 2731 474 2819 cujus
497 2733 666 2798 sententia
689 2756 748 2820 pro
773 2733 930 2801 nullitate
952 2734 1154 2801 matrimonii
1178 2734 1250 2800 lata
1287 2733 1395 2820 legale
1418 2732 1463 2798 di-

216 2820 319 2886 vortii
343 2819 595 2886 fundamentum
619 2821 806 2888 constituit.
832 2820 866 2888 Si
890 2831 1003 2888 autem
1026 2845 1104 2910 pars
1126 2820 1372 2889 non-catholica
1417 2819 1463 2886 ‹li-

216 2906 360 2974 vortiari
382 2931 447 2974 non
469 2913 574 2996 petat,
600 2931 677 2996 pars
702 2910 909 2976 catholicae
930 2911 1055 2998 judicio
1087 2911 1256 2977 ordinario
1292 2909 1384 2976 civili
1408 2932 1462 2996 pe·

215 3001 427 3149 terepotest,
450 3004 616 3084 quatenus
636 2997 714 3084 jura
737 3021 798 3064 sua
821 2999 932 3065 civilia
964 3023 1005 3066 ex
1041 2999 1252 3064 matrimonio
1283 3003 1383 3064 enata
1414 3000 1463 3062 ita

216 3107 293 3152 coor
316 3083 438 3151 inanda
463 3084 677 3152 declarentur
699 3088 787 3153 sicut
809 3087 859 3168 fit,
885 3086 961 3154 dum
987 3087 1163 3154 dissolutio
1198 3086 1320 3153 vinculi
1356 3085 1462 3152 locum

216 3174 327 3240 habet.
351 3173 543 3261 Antequam
567 3181 677 3240 autem
703 3175 826 3242 solutio
849 3175 977 3242 vinculi
1000 3179 1205 3254 enuncietur,
1228 3181 1288 3240 aut
1311 3179 1390 3239 ante
1414 3194 1464 3239 co-

214 3261 400 3348 gnitionem
423 3283 542 3329 causae
565 3283 625 3349 per
644 3260 790 3348 judicem
815 3263 954 3343 civitem,
968 3263 1050 3328 nulli
1063 3261 1300 3350 partiumlicet
1319 3261 1362 3328 ad
1380 3260 1464 3327 alias

215 3351 352 3438 nuptias
374 3353 518 3416 transire
543 3352 585 3436 (ἕ.
609 3349 662 3415 46.
686 3351 904 3438 Ehepatent.)

312 3437 349 3503 Si
385 3437 542 3524 conjuges
576 3440 634 3526 qui
664 3445 813 3526 tempore
844 3439 1008 3507 contracti
1046 3436 1253 3504 matrimonii
1288 3436 1463 3504 acatholici

214 3525 363 3606 luerunt,
387 3526 445 3592 sed
469 3526 545 3592 dein
568 3526 762 3612 religionem
787 3528 985 3594 catholicam
1010 3527 1152 3614 professi
1176 3532 1463 3612 sunt,rursusque

213 3613 258 3680 ad
281 3614 563 3681 acatholicismum
588 3614 799 3696 defecissent,
821 3615 982 3702 judicium
1006 3621 1195 3702 competens
1218 3615 1325 3679 relate
1349 3612 1466 3678 adma-

213 3703 409 3768 trimonium
431 3703 565 3768 illorum
590 3708 642 3768 est
666 3705 814 3770 tribunal
838 3704 1110 3782 acatholicorum,
1136 3703 1222 3768 idem
1246 3708 1357 3768 tamen
1403 3701 1464 3766 tri·

214 3790 317 3857 bunal
342 3799 458 3857 contra
480 3791 645 3878 principia
668 3791 832 3858 calholica
855 3793 1057 3859 sententiam
1081 3792 1300 3879 pronunciare
1324 3812 1389 3856 nou
1412 3811 1467 3890 po·

214 3885 284 3944 test
309 3877 351 3966 (ἕ.
375 3880 427 3946 56.
464 3878 681 3967 Ehepatent).
707 3879 840 3946 Pariter
874 3881 903 3945 si
940 3881 1012 3947 sive
1044 3901 1132 3946 noue
1164 3878 1360 3959 catholicus,
1395 3899 1468 3942 srve

212 3973 356 4055 uterque
379 3966 498 4054 conjux
522 3966 716 4048 catholicus,
741 3967 783 4033 ad
806 3991 1036 4058 quamcunque
1059 3967 1179 4034 acatho
1193 3971 1317 4034 iconam
1341 3965 1466 4034 confes·

213 4055 342 4122 sionem
366 4053 509 4136 deficiat,
534 4055 781 4121 matrimonium
806 4056 941 4123 illorum
964 4057 1049 4122 solvi
1074 4056 1192 4144 nequit
1215 4057 1255 4140 (ᾗ.
1287 4053 1356 4144 57.)

311 4141 385 4211 Hae
407 4149 488 4210 sunt
511 4143 602 4230 leges
625 4142 741 4210 civiles
765 4144 799 4210 in
823 4144 966 4233 Imperio
990 4142 1172 4210 Austriaco
1198 4147 1358 4228 vigentes,
1382 4161 1468 4226 quae

209 4229 341 4320 judicia
364 4254 402 4298 ac
424 4231 609 4298 tribunalia
632 4232 817 4319 respiciunt
852 4233 940 4300 circa
976 4231 1187 4298 matrimonia
1223 4231 1328 4296 mixta
1362 4239 1397 4295 et
1432 4226 1467 4294 in

214 4318 349 4386 casibus
371 4319 535 4408 superiori
557 4321 769 4410 paragrapho
794 4321 973 4387 contentis.

267 4500 302 4594 ἓ.
335 4499 428 4582 188.
455 4499 519 4581 De
547 4497 800 4582 Tribunalis
826 4498 1163 4581 matrimonialis
1190 4495 1408 4582 memhris.

331 4623 491 4706 Quamvis
524 4623 645 4712 Episco
669 4623 682 4690 i
717 4623 779 4690 soli
802 4645 842 4690 ex
864 4622 998 4712 proprio
1038 4643 1173 4692 munere
1196 4623 1266 4692 sint
1290 4641 1466 4690 causarum

216 4709 515 4780 ecclesiasticarum
534 4712 630 4801 proin
655 4734 673 4780 e
696 4714 795 4780 etiam
819 4710 1112 4780 matrimonialium
1144 4711 1286 4800 judices,
1311 4707 1468 4802 quoniam
