3420 5358
749 337 811 437 24}
836 431 872 438 .,

150 555 220 622 sire
242 575 301 643 per
324 555 595 638 benedictionem,
620 557 692 622 siva
723 577 783 642 per
813 554 1068 634 coronationem,
1093 555 1165 621 sive
1187 578 1249 642 per
1270 555 1396 622 instru-

151 647 297 710 mentum
342 643 569 710 contrahatur.
616 643 709 726 Quae
744 648 855 710 autem
889 649 1022 728 praeter
1044 641 1142 708 hosca
1165 642 1280 709 modos
1304 643 1397 709 lacta

150 737 238 812 sunt,
261 753 321 818 pro
344 753 409 798 non
432 731 533 798 factis
557 739 591 797 et
621 730 802 797 contractis
826 729 1022 796 habeantur.
1050 767 1072 777 --
1120 730 1212 797 Haec
1246 731 1398 798 delinitio

151 825 201 886 est
220 818 319 906 juxta
341 818 493 886 Codicum
516 818 743 902 Justiniani.¹)
767 816 866 898 Alias
886 817 1146 898 Matrimonium,
1171 819 1200 883 si
1223 825 1399 905 spectetur

149 907 300 992 generice
323 913 491 995 tamquam
514 914 654 973 naturae
692 906 837 972 officium
861 913 896 971 ct
919 916 1019 986 prout
1051 913 1103 972 est
1126 912 1320 974 contractus
1345 929 1400 971 na·

149 993 267 1060 taralis
291 1017 330 1061 ac
352 993 472 1076 civilis,
496 995 612 1061 stricte
642 994 809 1061 definitur.
835 1018 869 1040 =
893 992 968 1060 Viri
992 999 1026 1059 et
1058 993 1208 1060 mulieris
1232 992 1401 1063 maritalis

150 1082 336 1170 conjunctio
359 1081 449 1149 inter
466 1083 635 1170 legitimas
659 1104 815 1169 personas
838 1081 1045 1149 individuam
1070 1081 1162 1148 vitae
1185 1079 1399 1149 consuetudi-

150 1192 220 1236 nem
240 1170 398 1238 retinans.
422 1171 505 1239 Cum
529 1193 607 1238 vero
630 1171 665 1236 in
688 1171 762 1257 lege
785 1171 979 1258 evangelica
1014 1168 1205 1256 hujusmodi
1229 1169 1400 1236 maritalis

151 1257 338 1345 conjunctio
368 1281 387 1324 a
422 1259 555 1327 Christo
600 1259 742 1324 Domino
777 1257 819 1323 ad
850 1257 1057 1324 Sacramenti
1103 1255 1306 1343 dignitatem
1328 1256 1400 1324 luit

151 1345 293 1431 elevata,
317 1353 351 1412 et
374 1368 491 1414 revera
512 1369 573 1436 pro
596 1347 777 1434 baptizatis
812 1348 899 1412 ratio
930 1351 1123 1412 contractus
1167 1345 1398 1432 coniugalisa

150 1435 279 1501 ratione
323 1433 529 1502 Sacramenti
574 1435 722 1522 separari
756 1441 909 1521 nequeat,
933 1433 1008 1499 ideo
1032 1432 1299 1500 Christianorum
1323 1455 1401 1499 con·

152 1523 278 1611 ingiam
301 1522 432 1589 deliniri
455 1547 513 1592 seu
537 1522 680 1590 describi
703 1523 799 1590 solet.
824 1546 858 1570 =
881 1521 955 1588 Viri
990 1529 1025 1587 et
1054 1521 1202 1587 mulieris
1233 1521 1398 1587 maritalis
1452 1549 1454 1556 ·

150 1611 338 1698 conjunctio
361 1613 450 1678 inter
472 1612 640 1698 legitimas
664 1633 823 1698 personas
843 1608 1050 1676 individuam
1073 1609 1164 1675 vitae
1189 1609 1402 1676 consuetudi·

152 1720 223 1764 nem
246 1699 395 1766 retinens
418 1722 437 1765 a
460 1701 595 1768 Christo
640 1699 782 1765 Domino
817 1697 853 1764 in
891 1698 966 1782 lege
989 1697 1193 1783 Evangelica
1218 1698 1260 1763 ad
1278 1698 1401 1764 'Sacra-

152 1786 252 1853 menti
283 1787 483 1872 dignitatem
517 1789 649 1855 elevata
673 1813 706 1835 =
730 1787 785 1854 vel
808 1811 842 1834 =
866 1787 1116 1854 Sacramentum
1163 1808 1268 1852 novae
1301 1786 1400 1872 legis,

151 1895 213 1958 quo
236 1874 443 1962 significatur
484 1875 654 1964 onjunctio
678 1875 805 1944 Christi
839 1899 912 1942 cum
945 1873 1105 1954 Ecclesia,
1131 1879 1165 1939 et
1186 1874 1301 1975 gratia
1324 1895 1398 1939 con-

151 1965 259 2029 fertur
282 1963 325 2028 ad
338 1965 447 2031 sancti
474 1964 612 2032 caudam
628 1962 742 2029 viriet
759 1963 909 2030 mulieris
929 1962 1113 2048 legitimam
1129 1961 1401 2049 conpunctionem

151 2057 185 2116 et
206 2049 250 2116 ad
273 2051 397 2138 prolem
419 2054 453 2118 in
477 2051 672 2121 Christiana
695 2050 761 2118 fide
790 2053 845 2140 pie
868 2049 1120 2118 instituendam.

217 2251 252 2346 ἓ.
281 2249 352 2331 87.
382 2251 625 2332 Corollaria
661 2275 716 2331 ex
754 2251 1018 2332 Definitiono
1057 2247 1338 2332 Matrimonii.

244 2395 495 2464 Matrimonium
519 2419 598 2483 ergo
632 2396 898 2463 Christianorum
935 2401 988 2462 est
1023 2395 1271 2464 Sacramentum
1296 2415 1402 2460 novae

151 2483 250 2570 Legis
274 2483 519 2572 conjunctionis
542 2484 709 2550 maritalis
732 2485 795 2549 viri
819 2508 892 2551 cum
918 2485 1057 2550 muliere
1081 2505 1120 2550 ex
1150 2483 1320 2551 sententia
1342 2481 1405 2547 Ec·

153 2571 273 2638 clasiae
296 2572 473 2658 perfectae.
497 2573 631 2639 Dicitur
666 2573 911 2638 matrimonium
943 2571 1222 2652 Christianorum,
1246 2570 1403 2659 quoniam

151 2659 213 2725 soli
234 2659 410 2726 christiani
423 2667 503 2728 sunt
527 2660 984 2748 capacesSacramentorum;
1009 2659 1131 2726 dicitur
1152 2659 1406 2727 Sacramentum

152 2769 257 2814 novae
280 2747 393 2831 Legis,
417 2749 514 2834 quale
538 2771 609 2815 esse
632 2746 716 2816 dicit
742 2748 774 2816 S.
821 2749 947 2814 Paulus
983 2749 1018 2813 in
1057 2748 1210 2836 Epistola
1244 2747 1287 2814 ad
1312 2745 1398 2833 Eph.

152 2833 186 2901 C.
208 2835 239 2900 5.
264 2857 296 2900 v.
310 2835 362 2900 25.
381 2835 650 2916 ,Sacramentum
674 2838 735 2904 hoc
751 2859 906 2922 magnum
919 2843 981 2917 est,
996 2835 1070 2902 dioo
1086 2844 1198 2902 autem
1213 2835 1248 2901 in
1262 2834 1400 2902 Christo

152 2931 186 2988 et
207 2922 377 2990 Ecclesia‘
404 2924 478 2990 ideo
502 2931 614 2990 monet
645 2925 698 2990 hio
733 2925 940 3013 Apostolus:
993 2923 1085 3004 ,Viri
1110 2924 1244 3010 diligite
1280 2942 1402 2988 uxores

153 3019 282 3077 vestras
306 3011 394 3077 sicut
415 3013 570 3080 Christus
586 3012 706 3078 dilexit
722 3013 949 3096 Ecclesiam‘;
974 3014 1045 3078 tale
1069 3034 1208 3100 namque
1232 3010 1404 3077 vinculum

153 3097 330 3165 intercedit
353 3099 440 3166 inter
463 3101 571 3166 virum
595 3108 630 3166 et
655 3101 824 3168 mulierem
863 3100 950 3166 sicut
974 3101 1064 3166 inter
1086 3099 1258 3167 Christum
1282 3104 1317 3165 et
1341 3095 1405 3162 Ec·

154 3186 308 3272 clesiam;
333 3187 413 3266 sive,
438 3187 709 3275 quemadmodum
735 3189 889 3257 Christus
913 3189 953 3252 ab
979 3187 1131 3254 Ecclesia
1148 3183 1409 3252 indissolvibilis

154 3283 213 3355 est,
236 3275 288 3340 ita
312 3274 366 3340 vir
387 3277 519 3342 mulieri
554 3283 589 3342 et
627 3277 774 3343 vicissim
819 3275 1051 3342 invinculatus
1075 3282 1135 3340 est.
1182 3273 1409 3342 Conformiter

154 3361 291 3448 proinde
325 3362 495 3430 doctrinae
540 3365 756 3452 Apostolioae
780 3365 889 3453 inquit
922 3363 954 3429 S.
1001 3365 1236 3448 Augustinus:
1288 3358 1410 3448 ,Apud

156 3449 356 3516 christianos
378 3451 628 3535 Matrimonium
652 3461 704 3518 est
727 3456 828 3519 etiam
852 3454 886 3517 in
911 3451 1078 3537 dignitate
1102 3449 1322 3529 Sacramenti,
1350 3469 1412 3536 per

155 3560 252 3624 quam
277 3537 371 3603 nefas
394 3547 447 3605 est
469 3540 607 3626 repudio
639 3541 865 3607 discedentem
887 3540 986 3605 alteri
1024 3540 1187 3622 nabore‘;
1212 3540 1284 3604 sive
1308 3557 1410 3601 caasa

157 3625 466 3692 indissolubilitatis
489 3627 696 3694 Matrimonii
731 3629 998 3696 Christianorum
1023 3635 1075 3693 est
1099 3623 1410 3703 Sacramentalitas,

179 3735 239 3780 uae
271 3713 337 3801 ipsi
371 3713 584 3782 Matrimonia
630 3718 729 3798 inest,
775 3715 954 3783 secundum
1001 3715 1186 3781 doctrinam
1220 3710 1412 3778 Salvatoris

158 3735 278 3868 Matth.
303 3801 381 3888 Cap.
414 3803 509 3869 XIX.
535 3827 566 3870 v.
590 3806 620 3870 6.
645 3806 894 3870 Matrimonium
919 3826 977 3890 per
1000 3805 1108 3869 Deum
1131 3801 1301 3887 conjungi,
1325 3797 1415 3887 quod

160 3889 282 3954 bomini
306 3912 461 3976 separare
484 3916 548 3957 non
574 3893 662 3959 licet.
687 3895 820 3959 Dicitur
842 3915 940 3980 porro
957 3893 1204 3958 Matrimonium
1218 3885 1413 3974 conjunctio

162 3977 324 4044 maritalis
348 3979 420 4044 sive
443 3981 640 4066 conjugalis,
665 3987 703 4048 ut
727 3981 959 4066 distinguatur
989 4005 1008 4044 a
1032 4000 1226 4068 quacunque
1251 3977 1319 4042 alia
1337 3995 1413 4040 oon-

160 4064 329 4150 juuotione
352 4068 537 4155 temporali,
562 4092 690 4156 quaeve
713 4070 812 4134 finem
836 4069 937 4134 habet
963 4067 1214 4152 generationem
1238 4071 1274 4130 et
1297 4063 1412 4129 educa·

162 4153 283 4220 tionem
307 4154 449 4241 prolium
473 4156 700 4237 christianam,
724 4165 759 4224 et
782 4155 992 4222 individuum
1005 4157 1095 4220 vitae
1119 4151 1331 4219 consortium.
1356 4149 1413 4216 Dl-

162 4241 248 4308 citur
272 4241 413 4330 denique
456 4243 708 4311 Matrimonium
753 4243 943 4326 conjunctio
981 4242 1146 4308 maritalis
1182 4263 1220 4306 ex
1244 4237 1413 4306 sententia

162 4329 330 4396 Ecclesiae
352 4329 522 4417 perfecta3
543 4332 613 4418 jam
637 4335 723 4399 enim
747 4334 780 4399 S.
804 4333 958 4419 Ignatiua
987 4331 1120 4415 Martyr
1145 4331 1299 4394 monuit:
1345 4348 1419 4392 oon·

160 4419 255 4504 jugia
299 4417 371 4483 fieri
403 4441 443 4485 ex
477 4424 640 4486 sententia
685 4421 866 4501 Ecclesiae,
902 4425 941 4484 ut
982 4420 1118 4508 nuptiae
1142 4419 1208 4484 sint
1232 4412 1415 4482 secundum

164 4504 279 4588 Deum,
303 4511 339 4572 at
369 4528 434 4573 non
478 4507 658 4575 secundum
702 4506 1015 4598 concupiscentiam.
1061 4505 1150 4588 Siva,
1189 4503 1250 4572 illa
1285 4509 1418 4570 tantam

208 4646 440 4754 'ltmlMdTMalb
462 4685 603 4738 Blastares
624 4687 776 4756 syntagma
796 4684 846 4738 Lit.
867 4685 895 4738 Β.
917 4680 981 4752 Cap.
1013 4685 1042 4738 ll.
1063 4683 1134 4750 apud
1155 4683 1278 4750 Bevcreg
1297 4679 1421 4806 Toupssll.
