3420 5358
766 369 829 434 297

693 467 812 474 ----
816 465 894 474 --.

320 597 351 665 8.
376 593 617 682 Evangelistae
641 591 812 661 Joannis.·

298 685 350 753 21.
374 681 587 754 Constantini
604 687 645 750 ‘et
666 681 824 750 Helenae.

300 774 352 842 25.
382 771 499 845 Tertia
521 770 672 842 inventio
696 768 817 859 capitis
840 769 873 838 S.
897 767 1040 839 Joannis
1062 765 1241 858 baptistae.

668 951 782 1015 Mense
804 951 920 1014 lunio:

299 1085 351 1152 30.
375 1081 529 1152 Omnium
549 1080 608 1150 SS.
632 1079 882 1172 Apostolorum.

671 1260 782 1326 lfense
804 1262 913 1326 lulio:

164 1389 167 1396 ⁴
298 1393 350 1462 22.
374 1393 407 1464 S.
431 1393 558 1462 Mariae
581 1391 809 1481 Magdalenae.

299 1483 351 1551 25.
377 1481 639 1554 Obdormitionis
662 1479 695 1550 S.
709 1481 854 1548 Annae.

300 1570 353 1639 27.
377 1569 495 1659 Magni
518 1569 683 1660 Martyris
713 1567 939 1639 Pantaleonis.

639 1745 751 1813 Mense
775 1746 945 1834 Augusto:

321 1879 351 1947 9.
375 1879 408 1947 S.
432 1878 590 1968 Apostoli
618 1878 794 1946 Matthiae.

262 2011 327 2079 His
350 2011 513 2080 accedunt
535 2011 570 2078 in
595 2033 695 2079 censu
718 2009 861 2078 Canouis
884 2009 942 2080 SS.
967 2011 999 2079 A
1025 2013 1208 2081 ostolorum
1253 2012 1307 2082 64.
1346 2013 1417 2084 dies

166 2098 308 2167 Sabbati
330 2122 390 2188 per
411 2104 521 2167 totum
545 2121 677 2180 annum,
702 2100 823 2188 quibus
847 2098 964 2167 diebus
998 2032 1151 2182 iarum,
1198 2109 1258 2168 aut
1303 2124 1417 2170 eorum

167 2187 257 2254 vices
279 2196 435 2274 gerentes
458 2188 578 2256 saltem
603 2187 719 2256 diebus
765 2188 949 2256 Dominicis
984 2211 1022 2255 ac
1045 2190 1165 2257 ceteris
1194 2189 1291 2258 fastis
1316 2191 1418 2259 ctiam

166 2278 365 2366 suppressis,
387 2277 485 2364 juxta
510 2277 722 2344 novissimam
758 2275 853 2343 Sedis
897 2277 1114 2367 Apostolicae
1159 2276 1418 2348 declarationem

168 2371 328 2432 tenentur
350 2364 473 2432 Missae
496 2365 696 2433 sacrificium
719 2387 780 2454 pro
799 2365 972 2434 commisso
988 2364 1052 2432 sibi
1068 2365 1190 2454 populo
1203 2366 1332 2448 offerre,
1351 2367 1417 2434 nisi

166 2474 226 2542 pro
250 2451 364 2538 aliqua
385 2451 565 2521 Provincia
589 2451 689 2520 aliter
712 2454 753 2519 ab
778 2453 963 2542 apostolica
986 2453 1070 2521 Sede
1087 2452 1293 2522 declaratum
1304 2454 1416 2538 luerit,

166 2540 366 2632 praesertim
388 2563 448 2629 pro
471 2541 569 2609 iestis
600 2543 797 2633 suppressis.

271 2722 309 2818 ξ.
339 2718 434 2802 143.
461 2721 525 2800 De
550 2723 746 2825 tempore
783 2720 1037 2804 celebrandi
1064 2719 1307 2804 Paschatis.

262 2865 373 2934 Juxta
396 2867 562 2936 canonem
584 2867 664 2936 Vll.
688 2867 747 2936 SS.
778 2868 1018 2956 Apostolorum
1057 2873 1092 2934 et
1114 2867 1362 2935 Antiochenam
1387 2868 1417 2935 I.

167 2955 311 3023 vetitum
336 2960 388 3022 est
410 2955 540 3024 Pascha
562 2955 660 3023 simul
685 2977 758 3024 cum
782 2955 807 3022 J
809 2955 923 3023 udaeis
957 2955 1134 3036 celebrare,
1167 2951 1308 3060 ideoque
1330 2954 1419 3024 illud

165 3044 262 3134 juxta
301 3044 471 3112 decretum
549 3048 640 3112 trum
675 3042 812 3112 Concilii
847 3044 986 3114 Nicaani
1009 3043 1037 3110 I.
1062 3049 1140 3133 pest
1171 3045 1418 3129 aequinoctium

166 3152 306 3199 vernum
328 3141 364 3200 et
386 3137 463 3222 post
523 3133 709 3200 enilunium
741 3133 885 3221 primum
923 3132 1074 3220 proxime
1106 3132 1159 3198 die
1184 3130 1346 3200 dominica
1369 3155 1419 3199 ce·

167 3220 363 3288 lebrandum
385 3225 447 3288 est.
472 3155 569 3304 &aad
592 3227 705 3289 tamen
731 3223 823 3288 'uxta
854 3218 1088 3289 calendarium
1121 3219 1306 3301 Juliauum,
1330 3219 1419 3310 quod

167 3307 358 3377 Orientales
381 3308 490 3377 adhuc
519 3312 675 3390 retinent,
712 3308 783 3375 ilis
821 3310 903 3398 ipsis
938 3308 1177 3376 confitentibus
1200 3330 1266 3376 nou
1288 3329 1359 3376 sam
1403 3330 1420 3375 r

168 3397 337 3466 observari
359 3402 493 3486 potcst;
517 3396 685 3466 interdum
721 3398 808 3465 enim
844 3395 1019 3465 Dominica
1042 3397 1149 3487 prima
1180 3401 1258 3486 post
1279 3397 1369 3486 pleni
1383 3419 1419 3464 u·

168 3487 254 3555 nium
280 3486 526 3640 aeffluinoctium
549 3486 686 3554 vernale
708 3488 896 3576 insequens,
925 3507 990 3574 qua
1011 3486 1111 3573 juxta
1134 3485 1275 3553 Patrum
1299 3483 1419 3554 Nicae-

167 3596 282 3642 norum
352 3580 498 3655 ecretum
544 3573 776 3642 celebrandum
821 3583 912 3642 esset
953 3572 1093 3654 Pascha,
1140 3580 1194 3640 est
1244 3572 1419 3640 Dominica

209 3663 361 3742 lmarum,
396 3661 535 3752 ideoque
568 3663 604 3730 in
637 3669 829 3752 sequentem
865 3661 1074 3729 Dominicam
1107 3661 1283 3730 transferri
1319 3660 1419 3728 debat

167 3685 305 3831 Pischa,
329 3750 417 3839 quod
440 3751 570 3818 decreto
594 3751 742 3820 Nicaano
777 3749 955 3818 adversum
982 3756 1043 3818 est.

261 3838 428 3920 Pidalion,
453 3838 543 3908 Nota
567 3841 610 3905 ad
633 3841 889 3928 supracitatum
902 3839 1068 3907 Canonem
1092 3837 1148 3906 SS.
1166 3836 1419 3927 Apostolorum,

168 3927 334 3996 defectum
359 3927 447 3994 hunc
469 3927 660 3996 Calendarii
674 3927 808 3995 Juliani
824 3927 1054 4014 recognoscit;
1078 3925 1295 3992 nihilominus
1307 3933 1419 3993 tamen

168 4015 304 4083 damnat
326 4014 478 4097 Latinos,
502 4017 663 4105 imprimis
687 4016 889 4103 Gregorium
897 4015 996 4082 XIII.
1016 4013 1214 4083 Pontificem
1226 4011 1418 4083 calendarii

167 4103 297 4172 Juliaui
320 4103 570 4171 reformatorem
596 4127 633 4172 ec
656 4125 765 4193 scopo,
801 4110 840 4171 ut
876 4105 1014 4172 Festum
1051 4102 1229 4172 Paschatis
1252 4123 1312 4169 suo
1336 4108 1417 4168 tem·

166 4213 244 4282 pore
276 4213 338 4282 per
366 4191 552 4260 Concilium
596 4193 782 4261 Nicaenum
828 4192 1036 4282 praescripto
1082 4189 1240 4257 celebrari
1286 4189 1417 4279 possit;

167 4277 380 4362 adstruendo,
418 4281 526 4348 satius
561 4281 667 4348 fuisse
701 4302 846 4348 errorem
877 4281 1000 4370 prioris
1038 4279 1228 4346 Calendarii
1261 4280 1417 4358 tolerare,

167 4391 264 4472 quam
301 4368 530 4437 diversitatem
564 4370 725 4472 temporis
757 4369 946 4437 celebrandi
974 4368 1149 4434 Paschatis
1173 4369 1206 4432 in
1231 4365 1417 4433 Ecclesiam

166 4455 388 4538 introducere,
412 4457 524 4544 sicque
547 4457 739 4525 sciseronem
769 4458 804 4523 in
835 4456 987 4524 Ecclesia
1022 4454 1206 4523 christiana
1227 4474 1416 4543 procurare.

167 4545 335 4612 Damnare
357 4551 469 4612 autem
492 4568 528 4612 se
552 4547 651 4634 ipsos,
676 4546 734 4634 qui
758 4546 839 4613 haec
874 4545 1045 4633 objiciunt,
1074 4543 1243 4628 deberent,
1267 4563 1305 4610 ao
1329 4543 1418 4632 quod

167 4639 385 4721 agnoscentes
420 4633 507 4720 quod
542 4634 659 4701 melius
697 4639 732 4700 et
767 4633 949 4720 perfectius
983 4637 1045 4713 est,
1080 4630 1164 4698 illud
1202 4639 1314 4698 tamen
1352 4649 1416 4698 non

169 4722 422 4810 amplectantur,
448 4721 546 4805 idque
569 4721 640 4787 idco
656 4727 797 4802 tantum,
812 4722 889 4808 quia
913 4742 1056 4788 errorem
1074 4719 1244 4788 Romanus
1261 4717 1418 4786 Pontifex
