3426 5368
663 400 797 504 „aa

130 617 299 772 sumendis.
345 617 411 684 Pro
443 617 679 686 Reoconvento
713 624 824 687 autem
871 641 1012 708 sequens
1041 617 1270 686 Protocollum
1308 640 1388 686 con·

131 715 248 774 struen
274 728 350 772 um:

251 883 468 947 Protocollum
491 883 662 948 benevolae
693 883 909 968 consessionis
933 885 973 948 de
995 882 1048 949 20.
1064 851 1147 948 'Mei
1170 881 1268 948 1859.
1291 923 1295 932 ·

230 1013 451 1100 Assumptum
489 1035 598 1080 coram
621 1014 663 1082 N.
687 1013 730 1082 N.
767 1035 832 1102 qua
870 1014 1102 1082 commissario
1125 1013 1326 1102 inquisitore
1349 1033 1391 1079 ex

132 1097 295 1167 incidenti
317 1099 441 1167 Libelli
462 1101 653 1169 Actionalis
677 1102 828 1190 conjugis
851 1101 893 1170 N.
922 1103 964 1171 N.
989 1103 1041 1170 vel
1066 1104 1095 1170 si
1118 1125 1159 1170 ex
1182 1101 1292 1168 officio
1316 1123 1390 1190 pro·

134 1187 282 1270 cedatur,
305 1191 339 1253 in
363 1187 529 1274 sequelam
552 1188 730 1258 decisionis
753 1190 944 1273 tribunalis,
983 1192 1092 1280 quoad
1116 1189 1390 1279 impedimentum

134 1276 290 1431 dprimens
313 1277 367 1432 Ni,
391 1275 446 1343 vel
493 1277 601 1364 quoad
637 1279 819 1367 allegatam
853 1301 986 1348 eausam
1019 1281 1239 1369 separationis
1272 1283 1390 1346 atero

135 1386 152 1431 e
191 1387 305 1433 mensa
364 1413 371 1432 .

527 1523 532 1534 ⁶
655 1541 866 1610 Praesentes.

230 1673 488 1741 Commissarius
510 1674 701 1763 Inquisitor
723 1675 765 1744 N.
789 1675 832 1744 N.

232 1761 377 1829 duratus
400 1763 594 1851 Adjunctus
622 1763 865 1831 Protocollista
887 1763 930 1832 N.
954 1762 997 1832 N.

427 1873 625 1941 Inchoatum
650 1873 681 1941 9.
710 1875 792 1942 hora
816 1880 896 1943 ante
913 1872 1103 1942 meridiana.

232 1983 388 2051 Incattus
412 1984 466 2052 vel
489 1985 630 2053 RGntus
656 1985 884 2072 praemonitus
906 2008 967 2074 per
989 1982 1271 2064 commissarium,
1294 1987 1335 2050 ut
1352 1981 1396 2048 ed

137 2073 368 2225 proponendas
391 2073 456 2139 sibi
479 2073 764 2160 interrogationes
788 2073 1020 2154 determinate,
1048 2076 1148 2156 clare,
1172 2079 1207 2140 et
1230 2073 1396 2138 veraciter

138 2181 196 2226 oon
224 2167 348 2226 teatur.

235 2247 477 2335 (Protocolium
500 2248 537 2314 in
560 2248 678 2330 fracto,
702 2250 872 2334 quaelibet
909 2248 1062 2338 quaestio
1086 2271 1222 2316 numero
1245 2249 1395 2314 currenti

138 2336 296 2418 notanda,
321 2339 353 2402 in
377 2346 475 2424 parte
498 2339 636 2403 sinistra
659 2339 776 2418 filirae‚
802 2346 836 2404 et
867 2360 1062 2423 responsum
1085 2337 1121 2402 in
1144 2344 1241 2424 parte
1265 2335 1396 2420 dextra)

48 2477 49 2488 ,
140 2421 173 2510 1)
198 2422 370 2505 Quomodo
393 2425 535 2503 vocaris,
560 2425 655 2513 cujus
678 2429 800 2492 aetatis
824 2433 860 2492 et
882 2425 1096 2511 Religionis?
1134 2426 1170 2514 2)
1194 2423 1279 2508 Quis
1304 2424 1396 2491 locus

140 2511 291 2578 natalis?
315 2515 410 2599 cujus
434 2520 546 2579 status
569 2521 604 2580 et
626 2512 854 2581 conditionis?
878 2514 913 2599 3)
935 2513 1003 2580 Ubi
1027 2512 1281 2580 domiciliatus?
1304 2513 1397 2581 Nrus

140 2597 281 2666 domus?
325 2603 361 2688 4)
396 2601 569 2669 Vivuntne
603 2603 655 2668 tui
715 2602 878 2669 arentes?
924 2602 1068 2670 habesne
1091 2603 1193 2669 etiam
1216 2601 1340 2669 fratres
1363 2608 1398 2667 et

48 2705 49 2721 ¹
139 2708 281 2768 sorores,
299 2696 340 2758 ,et
363 2690 421 2756 ubi
443 2688 601 2777 degunt?
625 2691 660 2779 5)
684 2626 841 2757 iiabesne
865 2690 995 2778 aliquas
1013 2691 1194 2758 facultates
1218 2689 1273 2757 vel
1297 2690 1395 2768 bona,
1442 2713 1448 2724 ·

49 2807 50 2810 ¹
140 2783 175 2840 et
208 2777 331 2864 qualia,
355 2779 390 2842 in
414 2801 478 2863 quo
502 2778 718 2844 consistunt?
764 2777 832 2844 Ubi
862 2786 897 2845 te
931 2801 951 2844 a
986 2779 1163 2862 iuventute
1210 2777 1398 2855 detinuisti,

140 2871 269 2948 qualem
293 2865 566 2954 occupationem?
612 2874 646 2933 et
671 2866 833 2952 quomodo
858 2867 948 2932 vitae
979 2866 1086 2932 media
1110 2864 1339 2953 comparasti?
1364 2865 1399 2950 6)

49 2949 50 2965 ’
139 2951 294 3033 Fuistine
314 2953 383 3041 jam
407 2977 517 3021 coram
537 2954 650 3040 judice
673 2955 905 3022 constitutus?
929 2956 962 3037 7)
986 2954 1101 3023 Scisne
1125 2977 1228 3044 quare
1250 2977 1329 3038 nam
1353 2953 1398 3018 ad

49 3035 50 3102 i
140 3041 394 3130 comparendum
418 3042 530 3108 isthuc
553 3043 678 3108 citatus
702 3041 776 3108 sis?
816 3044 869 3110 En
888 3043 1017 3130 'conjux
1047 3051 1129 3109 tuus
1161 3043 1216 3110 vel
1239 3049 1300 3108 tua
1323 3063 1400 3126 quc·

49 3197 50 3210 q
140 3127 241 3194 relam
267 3130 419 3214 cubibuit
443 3137 560 3197 contra
582 3134 626 3211 te,
653 3130 706 3196 vel
729 3131 884 3219 exposuit
918 3131 1056 3199 bouvel
1081 3131 1166 3198 illud
1187 3130 1401 3218 impedimen-

49 3278 50 3285 ,
141 3223 212 3282 tum
236 3215 393 3284 dirimens
439 3220 647 3286 matrimonio
693 3227 808 3286 vestro
854 3220 997 3300 obstare,
1033 3218 1114 3308 quid
1151 3217 1332 3306 respondes
1356 3216 1399 3282 ad

50 3349 51 3360 .
141 3305 381 3394 expositionem
403 3305 475 3393 ejus
498 3305 541 3371 ad
564 3309 598 3393 a)
622 3305 666 3373 ad
689 3307 724 3394 b)
749 3307 780 3396 c)
805 3313 840 3375 et
863 3307 911 3374 sic
935 3329 1043 3395 porro.
1091 3306 1185 3388 Quos
1207 3313 1314 3373 testes
1337 3311 1398 3370 aut

142 3394 328 3461 constrariae
373 3395 581 3483 probationis
627 3394 735 3462 media
763 3418 824 3482 pro
860 3401 983 3484 puncto
1022 3417 1050 3460 a.
1075 3394 1105 3461 b.
1131 3416 1157 3460 c.
1182 3391 1398 3460 distinctim?

141 3481 231 3547 Esne
255 3488 394 3568 paratus
417 3483 518 3549 etiam
552 3482 779 3568 juramentum
815 3482 1009 3572 deponere?
1054 3482 1223 3548 Absolute
1247 3480 1399 3548 examine

50 3613 51 3640 n
142 3568 242 3657 (quod
265 3570 381 3657 lingua
404 3570 551 3658 partium
575 3579 759 3658 exceptum,
796 3572 826 3639 si
861 3594 908 3652 ea,
932 3594 952 3637 a
976 3570 1092 3656 lingua
1113 3570 1231 3658 judicii
1259 3568 1399 3634 differat

50 3651 51 3684 ¹
142 3669 176 3722 et
200 3658 420 3724 necessarium
444 3661 498 3739 sit,
525 3659 671 3726 vertitur
693 3660 727 3726 in
753 3659 902 3745 linguam
923 3659 1056 3746 judicii)
1080 3659 1269 3747 perlegitur
1282 3656 1400 3722 elicita

143 3746 315 3827 confessio,
340 3752 374 3813 et
395 3747 639 3834 interrogatur,
663 3769 741 3812 num
778 3753 869 3815 reete
894 3748 967 3835 ejus
991 3747 1157 3814 confessio
1180 3753 1320 3833 excepta
1343 3744 1398 3824 sit,

144 3855 202 3900 nee
225 3833 326 3901 habet
348 3834 436 3922 quod
459 3834 655 3902 modificet?
678 3834 956 3921 (modificationes
978 3835 1008 3901 si
1032 3834 1128 3917 fiant,
1153 3857 1219 3901 non
1243 3839 1278 3900 in
1301 3838 1402 3900 textu

51 3989 52 4008 ¹
143 3922 370 4010 corrigendae,
395 3922 453 3989 sed
476 3930 554 4013 post
576 3923 819 3994 subnectendas
842 3925 937 4012 sunt)
967 3924 1159 3990 subscribit.
1205 3923 1304 3990 Hanc
1329 3944 1402 3988 oon·

143 4010 318 4078 sessionem
342 4033 446 4076 meam
469 4018 561 4078 recte
595 4018 768 4099 exceptam
806 4012 952 4098 mihique
984 4011 1166 4100 perlectam
1200 4031 1306 4077 meam
1331 4030 1403 4076 esse

143 4120 344 4186 recognosco
369 4102 407 4164 N.
432 4098 475 4168 N.
500 4099 641 4168 RCntus
664 4101 706 4184 (si
729 4098 876 4167 scribere
898 4103 1037 4180 nesciat,
1062 4099 1268 4187 subscriptio
1291 4119 1402 4165 coram

144 4186 273 4254 duobus
295 4187 442 4254 testibus
466 4189 746 4255 coramizantibus
780 4188 891 4256 aliena
927 4210 1026 4255 manu
1059 4194 1170 4257 tracta
1193 4209 1254 4276 per
1277 4205 1407 4254 concer-

144 4285 275 4342 nentem
299 4296 395 4341 cruce
418 4275 597 4356 facienda.)

239 4363 367 4432 Actum
392 4369 427 4430 et
452 4364 644 4432 conclusum
680 4364 762 4432 hora
786 4364 862 4431 lla

145 4449 231 4520 Vide
253 4450 453 4519 Kutschber
477 4475 508 4542 p.
533 4453 609 4519 802.
634 4452 673 4519 Τ.
700 4451 744 4520 V.
1064 4503 1069 4518 .
1122 4448 1361 4518 ommissarius.

1058 4590 1066 4607 .
1121 4539 1342 4610 rotocollista.

1347 4853 1383 4910 23
