3420 5358
965 267 1030 332 264

890 363 1095 372 m

370 492 512 581 gradum
546 490 678 557 nonnisi
715 490 986 580 impedimentum
1019 490 1203 582 impediens
1234 511 1317 571 asse,
1353 489 1440 576 quod
1462 489 1607 578 prohibet

372 580 504 670 quidem
526 586 727 646 nontamen
751 580 879 648 dirimit
911 585 1118 647 contractum
1154 581 1223 668 jam
1257 578 1537 667 matrimonium.¹)
1559 578 1606 645 De

372 671 433 735 hcc
455 667 689 754 impedimento
713 668 1044 754 consanguineitatis‚
1062 676 1159 734 tenor
1176 666 1419 735 Instructionis
1441 668 1467 752 ἓ.
1490 666 1538 732 26.
1561 690 1606 734 00-

372 777 476 845 quens
499 762 570 822 est:
618 755 684 838 Qui
717 756 752 821 in
786 756 876 822 linea
906 763 1008 836 recta,
1043 764 1103 824 aut
1134 760 1167 822 in
1198 761 1318 844 quarto
1349 753 1404 822 vel
1427 751 1605 841 proximiori

372 842 513 934 quodam
558 844 665 910 lineae
698 850 909 912 transversae
948 844 1056 930 gradu
1080 845 1316 931 consanguinei
1357 849 1446 924 sunt,
1470 842 1606 908 validum

374 935 464 998 inter
487 953 522 998 se
545 935 789 998 matrimonium
812 931 1009 1000 contrahere
1042 955 1106 1000 non
1146 938 1297 1020 possunt,
1321 951 1427 1019 neque
1450 930 1605 998 refertar

373 1020 665 1107 consanguineitas
688 1042 729 1086 ex
752 1020 867 1110 copula
892 1022 984 1088 licita
1007 1022 1061 1088 vel
1085 1021 1207 1088 illicita
1231 1025 1348 1087 exorta
1371 1019 1430 1085 sit.

372 1225 407 1318 ξ.
439 1219 532 1303 108.
560 1221 836 1306 Matrimonia
877 1223 931 1304 ob
971 1221 1331 1324 impedimentum
1358 1217 1607 1324 (1011000001-

374 1347 552 1429 110110110
579 1349 720 1448 irrita,
747 1349 870 1431 nullo
896 1349 1107 1452 temporis
1135 1351 1280 1431 tractu
1299 1349 1607 1429 convalescunt.

374 1495 556 1562 Contracta
578 1493 614 1560 in
637 1494 798 1581 gradibus
832 1493 1011 1582 prohibitis
1042 1494 1254 1561 matrimonia
1288 1493 1370 1561 adeo
1412 1499 1491 1560 sunt
1511 1492 1607 1572 irrita,

373 1589 414 1649 ut
436 1583 528 1649 nullo
552 1605 711 1648 annorum
736 1604 871 1649 numero
884 1581 1018 1649 defendi
1034 1585 1164 1670 possint
1188 1587 1223 1650 et
1246 1582 1496 1668 convalescere3
1518 1588 1608 1670 prout

375 1670 524 1738 decrevit
548 1670 723 1738 concilium
752 1671 985 1738 'Lateraoense
1018 1671 1081 1739 IV.
1120 1670 1174 1738 his
1198 1671 1330 1738 verbis:
1360 1670 1608 1753 ,Quaternarius

375 1781 531 1826 numerus
553 1761 635 1826 bene
659 1759 814 1846 congruit
853 1759 1072 1846 prohibitioni
1103 1758 1250 1847 conjugii
1278 1758 1472 1848 corporalis,
1496 1757 1608 1844 dequo

375 1841 461 1914 dicit
505 1847 712 1936 Apostolus:
749 1848 836 1936 quod
882 1847 936 1913 vir
958 1871 1025 1930 non
1051 1848 1153 1914 habet
1175 1853 1378 1936 potestatem
1401 1847 1455 1912 sui
1478 1847 1608 1934 corporis

375 1934 434 2003 sed
457 1935 584 2017 mulier,
610 1957 715 2023 neque
740 1935 858 2002 mulier
880 1934 982 2003 habet
1005 1935 1432 2025 potestatemsuioorporis
1456 1934 1510 2001 sed
1546 1935 1607 2016 vir;

375 2023 454 2112 quia
477 2029 621 2112 quatuor
644 2029 724 2090 sunt
746 2023 900 2090 humores
923 2027 955 2091 in
981 2043 1117 2112 corpore
1153 2023 1210 2116 qui
1240 2028 1396 2090 constant
1420 2045 1458 2088 ex
1481 2028 1609 2110 quatuor

376 2112 559 2178 elementis.
606 2111 688 2179 Cum
712 2135 791 2198 ergo
811 2113 881 2199 jam
905 2135 1008 2197 usque
1039 2113 1082 2179 ad
1112 2118 1268 2200 quartum
1290 2110 1432 2198 gradum
1457 2111 1608 2196 (octavum

375 2202 544 2287 graecum)
590 2199 771 2286 prohibitio
816 2199 1003 2287 conjugalis
1037 2203 1174 2288 copulae
1208 2201 1255 2267 sit
1285 2198 1455 2279 restricta,
1479 2197 1609 2264 00111110

377 2288 532 2354 volumus
555 2309 627 2353 esse
650 2292 853 2376 perpetuam,
876 2294 916 2354 ut
939 2289 968 2354 si
992 2289 1066 2373 quis
1090 2296 1205 2354 contra
1228 2285 1486 2377 prohibitionem
1508 2283 1609 2372 hujus·

377 2376 466 2443 modi
490 2377 752 2464 praesumpserit
775 2377 931 2464 copulari,
946 2400 1011 2442 non
1034 2377 1280 2466 longinquitate
1304 2373 1503 2444 defendatur
1523 2392 1609 2438 anno·

376 2486 450 2532 rum
464 2465 478 2550 ;'
518 2486 590 2531 oum
625 2463 831 2531 diuturnitas
869 2469 1055 2552 temporum
1090 2489 1157 2532 non
1195 2465 1325 2531 minuat
1358 2469 1538 2552 peccatum,
1559 2457 1609 2526 sed

377 2557 511 2640 augeat,
534 2558 694 2637 tantoque
717 2559 798 2620 sunt
820 2555 976 2639 graviora
1000 2556 1143 2635 crimina,
1169 2559 1293 2643 quanto
1307 2551 1437 2620 diutius
1460 2549 1609 2617 infelicem

377 2641 521 2708 animam
544 2639 696 2708 detinent
724 2641 957 2729 alligatamll‘

377 2845 412 2939 ἓ.
445 2795 537 2924 illil-
566 2843 799 2923 Decretum
828 2842 1012 2924 Concilii
1038 2820 1350 2926 Lateranensis
1377 2843 1451 2926 IV·
1481 2837 1610 2944 quoad

377 2969 542 3075 gradus
570 2968 992 3071 consanguineitatis
1019 2969 1265 3072 prohibitos
1296 2967 1468 3074 obligat
1493 2967 1609 3049 011011

722 3094 960 3179 Ecclesiam
998 3093 1276 3178 Orientalem.

475 3240 646 3328 Superiori
671 3247 699 3326 ξ.
729 3243 799 3309 107.
824 3242 1010 3332 expositum
1034 3247 1086 3308 est
1110 3241 1255 3310 Graecos
1270 3263 1334 3308 non
1352 3241 1526 3326 modoncn
1539 3257 1611 3392 pro·

378 3330 493 3396 hibere
516 3329 764 3397 matrimonium
786 3330 822 3397 in
846 3338 965 3399 octavo
988 3353 1068 3398 suae
1091 3331 1351 3419 computationis
1374 3330 1537 3417 gradu,se
1572 3327 1611 3390 et·

378 3418 407 3484 si
429 3417 465 3483 in
490 3417 631 3504 septimo
654 3418 771 3505 gradu,
796 3420 853 3505 qui
877 3420 1009 3505 quidem
1032 3420 1222 3509 prohibitus
1246 3424 1308 3500 001,
1323 3418 1541 3486 contrahatur
1557 3433 1611 3480 ma·

378 3505 583 3586 trimcnium,
600 3506 640 3573 oh
663 3507 921 3595 prohihitionem
938 3517 1051 3576 tamen
1066 3508 1198 3574 irritum
1210 3529 1277 3574 non
1292 3505 1464 3574 reddatur.
1486 3503 1612 3576 Graeco·

378 3592 561 3661 Catholicis
584 3599 696 3683 tamen
719 3597 836 3683 regula
860 3619 932 3663 esse
956 3598 1055 3666 debet
1078 3597 1246 3664 decretum
1270 3595 1399 3683 Synodi
1410 3588 1612 3684 provincialis

378 3682 618 3748 Maronitarum
650 3683 691 3748 de
725 3706 810 3751 anno
848 3685 943 3752 1736.
980 3709 1040 3774 001
1063 3685 1220 3752 Sanctam
1255 3683 1372 3751 Sedem
1396 3680 1610 3772 Apostolicam

303 3793 308 3802 ·
379 3771 599 3859 approbatum
622 3773 792 3856 sequentis
815 3774 967 3842 tenoris:
995 3774 1054 3855 ,111
1075 3772 1226 3842 Ecclesia
1248 3773 1395 3842 Romana
1407 3771 1613 3860 prohibentur

379 3857 591 3925 matrimonia
613 3881 718 3947 usque
741 3861 784 3926 ad
807 3868 964 3950 quartum
986 3861 1125 3948 gradum
1149 3861 1315 3928 inclusive
1335 3860 1435 3948 juxta
1461 3863 1612 3946 computa·

379 3947 503 4014 tionem
527 3949 734 4034 canonicam3
758 3949 793 4016 in
816 3950 967 4018 Ecclesia
991 3971 1069 4016 vero
1094 3949 1259 4018 Orientali
1273 3948 1431 4034 usquead
1447 3944 1611 4036 septimum

378 4033 519 4122 gradum
563 4035 727 4104 inclusive
778 4037 877 4124 juxta
912 4040 1190 4126 computationem
1234 4037 1387 4123 civilem;
1427 4035 1515 4104 unde
1550 4049 1612 4098 cnm

379 4145 523 4214 persona
546 4131 667 4190 octava
688 4125 804 4192 Latini
829 4126 1075 4194 matrimonium
1098 4127 1288 4216 prohibent,
1317 4127 1521 4214 permittunt
1542 4139 1609 4186 vero

380 4211 577 4280 Orientales.
603 4211 699 4295 Quod
722 4219 833 4280 tamen
857 4214 1059 4304 improbavit
1082 4214 1299 4283 Innocentius
1321 4212 1383 4282 IV.
1409 4212 1459 4302 (in
1477 4213 1558 4299 epist
1578 4203 1613 4272 ad

381 4301 539 4368 Ottonem
554 4301 754 4368 cardinalem
778 4302 1003 4370 Tusculanum
1026 4303 1061 4368 in
1085 4327 1187 4391 regno
1211 4302 1330 4391 Cypri)
1352 4301 1389 4368 in
1412 4301 1493 4368 haee
1511 4296 1612 4393 verba:

385 4389 449 4470 ,Et
472 4387 627 4476 quoniam
650 4391 739 4480 apud
762 4413 818 4457 ecs
850 4391 1025 4478 (Graecos)
1062 4391 1295 4460 consueverint
1330 4389 1482 4456 contrahi
1513 4391 1612 4452 metn-

457 4566 475 4636 1)
495 4566 563 4622 vide
583 4567 717 4622 eraseris
737 4568 889 4638 Syntagma
908 4584 968 4638 pag.
997 4568 1040 4622 10,
1070 4565 1166 4622 ramo.
1185 4567 1215 4620 11.
1236 4567 1309 4637 apuu
1327 4551 1518 4634 neveregrim.

455 4637 475 4708 ²)
495 4639 650 4694 Kutschker
669 4639 744 4694 Tom.
771 4640 795 4694 3.
816 4655 877 4710 pag.
897 4640 957 4694 302.
