<?xml version="1.0" encoding="UTF-8"?>
<!DOCTYPE html PUBLIC "-//W3C//DTD XHTML 1.0 Transitional//EN"
    "http://www.w3.org/TR/xhtml1/DTD/xhtml1-transitional.dtd">
<html xmlns="http://www.w3.org/1999/xhtml" xml:lang="en" lang="en">
 <head>
  <title>
</title>
<meta http-equiv="Content-Type" content="text/html;charset=utf-8" />
  <meta name='ocr-system' content='tesseract 3.04.00' />
  <meta name='ocr-capabilities' content='ocr_page ocr_carea ocr_par ocr_line ocrx_word'/>
</head>
<body>
  <div class='ocr_page' id='page_1' title='image "./enchiridionjuri00pappgoog_0335.png"; bbox 0 0 3426 5368; ppageno 0'>
   <div class='ocr_carea' id='block_1_1' title="bbox 860 362 924 428">
    <p class='ocr_par' dir='ltr' id='par_1_1' title="bbox 860 362 924 428">
     <span class='ocr_line' id='line_1_1' title="bbox 860 362 924 428; baseline 0 0"><span class='ocrx_word' id='word_1_1' title='bbox 860 362 924 428; x_wconf 71' lang='lat'><strong>304</strong></span> 
     </span>
    </p>
   </div>
   <div class='ocr_carea' id='block_1_2' title="bbox 787 457 992 464">
    <p class='ocr_par' dir='ltr' id='par_1_2' title="bbox 787 457 992 464">
     <span class='ocr_line' id='line_1_2' title="bbox 787 457 992 464; baseline -0.01 0"><span class='ocrx_word' id='word_1_2' title='bbox 787 457 992 464; x_wconf 67' lang='lat' dir='ltr'><strong>—n—-—.—-—-—-</strong></span> 
     </span>
    </p>
   </div>
   <div class='ocr_carea' id='block_1_3' title="bbox 159 577 1525 685">
    <p class='ocr_par' dir='ltr' id='par_1_3' title="bbox 159 577 1525 685">
     <span class='ocr_line' id='line_1_3' title="bbox 159 577 1525 685; baseline -0.007 -33"><span class='ocrx_word' id='word_1_3' title='bbox 159 630 162 638; x_wconf 73' lang='lat'><strong>,</strong></span> <span class='ocrx_word' id='word_1_4' title='bbox 270 585 370 665; x_wconf 85' lang='lat' dir='ltr'><strong>cidus,</strong></span> <span class='ocrx_word' id='word_1_5' title='bbox 394 580 502 685; x_wconf 81' lang='lat' dir='ltr'><strong>quoad</strong></span> <span class='ocrx_word' id='word_1_6' title='bbox 524 601 605 671; x_wconf 89' lang='lat' dir='ltr'><strong>quos</strong></span> <span class='ocrx_word' id='word_1_7' title='bbox 629 577 894 646; x_wconf 65' lang='lat' dir='ltr'><strong>ordinationibus</strong></span> <span class='ocrx_word' id='word_1_8' title='bbox 911 579 1094 646; x_wconf 86' lang='lat' dir='ltr'><strong>altioribus</strong></span> <span class='ocrx_word' id='word_1_9' title='bbox 1116 579 1368 670; x_wconf 82' lang='lat' dir='ltr'><strong>praescriptum</strong></span> <span class='ocrx_word' id='word_1_10' title='bbox 1393 583 1457 654; x_wconf 88' lang='lat' dir='ltr'><strong>est,</strong></span> <span class='ocrx_word' id='word_1_11' title='bbox 1482 583 1525 642; x_wconf 91' lang='lat' dir='ltr'><strong>nt</strong></span> 
     </span>
    </p>
   </div>
   <div class='ocr_carea' id='block_1_4' title="bbox 269 665 1523 846">
    <p class='ocr_par' dir='ltr' id='par_1_4' title="bbox 269 665 1523 846">
     <span class='ocr_line' id='line_1_4' title="bbox 269 665 1523 759; baseline -0.005 -23"><span class='ocrx_word' id='word_1_12' title='bbox 269 672 306 737; x_wconf 92' lang='lat' dir='ltr'><strong>in</strong></span> <span class='ocrx_word' id='word_1_13' title='bbox 327 669 476 759; x_wconf 88' lang='lat' dir='ltr'><strong>quohbet</strong></span> <span class='ocrx_word' id='word_1_14' title='bbox 499 689 578 742; x_wconf 82' lang='lat' dir='ltr'><strong>casu</strong></span> <span class='ocrx_word' id='word_1_15' title='bbox 601 666 704 734; x_wconf 85' lang='lat' dir='ltr'><strong>mixta</strong></span> <span class='ocrx_word' id='word_1_16' title='bbox 728 666 1035 734; x_wconf 86' lang='lat' dir='ltr'><strong>commissio-civilis</strong></span> <span class='ocrx_word' id='word_1_17' title='bbox 1059 687 1171 734; x_wconf 89' lang='lat' dir='ltr'><strong>casum</strong></span> <span class='ocrx_word' id='word_1_18' title='bbox 1194 665 1327 735; x_wconf 87' lang='lat' dir='ltr'><strong>suicidii</strong></span> <span class='ocrx_word' id='word_1_19' title='bbox 1340 665 1523 745; x_wconf 86' lang='lat' dir='ltr'><strong>examinet,</strong></span> 
     </span>
     <span class='ocr_line' id='line_1_5' title="bbox 270 755 1235 846; baseline -0.005 -21"><span class='ocrx_word' id='word_1_20' title='bbox 270 757 427 846; x_wconf 82' lang='lat' dir='ltr'><strong>judicium</strong></span> <span class='ocrx_word' id='word_1_21' title='bbox 451 763 562 824; x_wconf 89' lang='lat' dir='ltr'><strong>tamen</strong></span> <span class='ocrx_word' id='word_1_22' title='bbox 585 755 810 822; x_wconf 88' lang='lat' dir='ltr'><strong>ecclesiastica</strong></span> <span class='ocrx_word' id='word_1_23' title='bbox 833 755 1017 822; x_wconf 87' lang='lat' dir='ltr'><strong>auctoritas</strong></span> <span class='ocrx_word' id='word_1_24' title='bbox 1041 755 1235 842; x_wconf 80' lang='lat' dir='ltr'><strong>enunciet.²)</strong></span> 
     </span>
    </p>
   </div>
   <div class='ocr_carea' id='block_1_5' title="bbox 603 925 1169 1036">
    <p class='ocr_par' dir='ltr' id='par_1_5' title="bbox 603 925 1169 1036">
     <span class='ocr_line' id='line_1_6' title="bbox 603 925 1169 1036; baseline -0.012 -23"><span class='ocrx_word' id='word_1_25' title='bbox 603 935 638 1029; x_wconf 68' lang='grc' dir='ltr'><strong>ἓ.</strong></span> <span class='ocrx_word' id='word_1_26' title='bbox 670 931 764 1015; x_wconf 89' lang='grc'><strong>153.</strong></span> <span class='ocrx_word' id='word_1_27' title='bbox 793 932 876 1014; x_wconf 82' lang='grc'><strong>155</strong></span> <span class='ocrx_word' id='word_1_28' title='bbox 904 925 1169 1036; x_wconf 83' lang='lat' dir='ltr'><strong>sepulturae.</strong></span> 
     </span>
    </p>
   </div>
   <div class='ocr_carea' id='block_1_6' title="bbox 269 1071 1523 1437">
    <p class='ocr_par' dir='ltr' id='par_1_6' title="bbox 269 1071 1523 1437">
     <span class='ocr_line' id='line_1_7' title="bbox 364 1071 1523 1179; baseline -0.009 -33"><span class='ocrx_word' id='word_1_29' title='bbox 364 1077 429 1146; x_wconf 88' lang='lat' dir='ltr'><strong>Jus</strong></span> <span class='ocrx_word' id='word_1_30' title='bbox 452 1077 636 1166; x_wconf 82' lang='lat' dir='ltr'><strong>sepeliendi</strong></span> <span class='ocrx_word' id='word_1_31' title='bbox 659 1076 883 1179; x_wconf 76' lang='lat' dir='ltr'><strong>ecclesiastice</strong></span> <span class='ocrx_word' id='word_1_32' title='bbox 905 1077 1008 1144; x_wconf 88' lang='lat' dir='ltr'><strong>habet</strong></span> <span class='ocrx_word' id='word_1_33' title='bbox 1030 1077 1194 1179; x_wconf 79' lang='lat' dir='ltr'><strong>parochus</strong></span> <span class='ocrx_word' id='word_1_34' title='bbox 1225 1075 1288 1142; x_wconf 91' lang='lat' dir='ltr'><strong>loci</strong></span> <span class='ocrx_word' id='word_1_35' title='bbox 1332 1073 1437 1176; x_wconf 79' lang='grc'><strong>111155,</strong></span> <span class='ocrx_word' id='word_1_36' title='bbox 1485 1071 1523 1136; x_wconf 88' lang='grc'><strong>15</strong></span> 
     </span>
     <span class='ocr_line' id='line_1_8' title="bbox 270 1161 1523 1268; baseline -0.007 -36"><span class='ocrx_word' id='word_1_37' title='bbox 270 1165 364 1268; x_wconf 71' lang='lat' dir='ltr'><strong>cujus</strong></span> <span class='ocrx_word' id='word_1_38' title='bbox 386 1167 563 1255; x_wconf 90' lang='lat' dir='ltr'><strong>parochiae</strong></span> <span class='ocrx_word' id='word_1_39' title='bbox 584 1166 711 1268; x_wconf 82' lang='lat' dir='ltr'><strong>ambitu</strong></span> <span class='ocrx_word' id='word_1_40' title='bbox 733 1188 808 1254; x_wconf 86' lang='lat' dir='ltr'><strong>qurs</strong></span> <span class='ocrx_word' id='word_1_41' title='bbox 832 1165 982 1235; x_wconf 88' lang='lat' dir='ltr'><strong>moritur.</strong></span> <span class='ocrx_word' id='word_1_42' title='bbox 1006 1165 1043 1234; x_wconf 86' lang='lat' dir='ltr'><strong>Sr</strong></span> <span class='ocrx_word' id='word_1_43' title='bbox 1065 1165 1141 1253; x_wconf 89' lang='lat' dir='ltr'><strong>quis</strong></span> <span class='ocrx_word' id='word_1_44' title='bbox 1155 1168 1277 1268; x_wconf 36' lang='lat' dir='ltr'><strong>&#39;autem</strong></span> <span class='ocrx_word' id='word_1_45' title='bbox 1300 1161 1381 1230; x_wconf 86' lang='lat' dir='ltr'><strong>abbr</strong></span> <span class='ocrx_word' id='word_1_46' title='bbox 1429 1181 1523 1246; x_wconf 91' lang='lat' dir='ltr'><strong>sepe·</strong></span> 
     </span>
     <span class='ocr_line' id='line_1_9' title="bbox 269 1249 1521 1409; baseline -0.005 -91"><span class='ocrx_word' id='word_1_47' title='bbox 269 1253 461 1409; x_wconf 58' lang='lat' dir='ltr'><strong>liputeligap3</strong></span> <span class='ocrx_word' id='word_1_48' title='bbox 485 1261 703 1408; x_wconf 59' lang='lat' dir='ltr'><strong>proptparrum</strong></span> <span class='ocrx_word' id='word_1_49' title='bbox 727 1255 878 1341; x_wconf 84' lang='lat' dir='ltr'><strong>parocho,</strong></span> <span class='ocrx_word' id='word_1_50' title='bbox 902 1253 945 1319; x_wconf 93' lang='lat' dir='ltr'><strong>ad</strong></span> <span class='ocrx_word' id='word_1_51' title='bbox 968 1275 1063 1342; x_wconf 90' lang='lat' dir='ltr'><strong>quem</strong></span> <span class='ocrx_word' id='word_1_52' title='bbox 1088 1253 1129 1320; x_wconf 92' lang='lat' dir='ltr'><strong>de</strong></span> <span class='ocrx_word' id='word_1_53' title='bbox 1149 1275 1225 1340; x_wconf 80' lang='lat' dir='ltr'><strong>Jure</strong></span> <span class='ocrx_word' id='word_1_54' title='bbox 1248 1249 1422 1339; x_wconf 81' lang='lat' dir='ltr'><strong>sepultura</strong></span> <span class='ocrx_word' id='word_1_55' title='bbox 1448 1269 1521 1335; x_wconf 90' lang='lat' dir='ltr'><strong>spe-</strong></span> 
     </span>
     <span class='ocr_line' id='line_1_10' title="bbox 269 1363 595 1437; baseline 0 -29"><span class='ocrx_word' id='word_1_56' title='bbox 269 1363 324 1408; x_wconf 90' lang='grc'><strong>55</strong></span> <span class='ocrx_word' id='word_1_57' title='bbox 363 1364 464 1431; x_wconf 86' lang='lat' dir='ltr'><strong>penr</strong></span> <span class='ocrx_word' id='word_1_58' title='bbox 509 1363 595 1437; x_wconf 82' lang='grc'><strong>55.</strong></span> 
     </span>
    </p>
   </div>
   <div class='ocr_carea' id='block_1_7' title="bbox 334 1515 1453 1618">
    <p class='ocr_par' dir='ltr' id='par_1_7' title="bbox 334 1515 1453 1622">
     <span class='ocr_line' id='line_1_11' title="bbox 334 1515 1453 1618; baseline -0.01 -18"><span class='ocrx_word' id='word_1_59' title='bbox 334 1523 368 1618; x_wconf 81' lang='lat'><strong>§.</strong></span> <span class='ocrx_word' id='word_1_60' title='bbox 401 1519 494 1600; x_wconf 83' lang='lat'>154.</span> <span class='ocrx_word' id='word_1_61' title='bbox 523 1520 653 1601; x_wconf 85' lang='lat' dir='ltr'><strong>Ritus</strong></span> <span class='ocrx_word' id='word_1_62' title='bbox 677 1519 924 1601; x_wconf 84' lang='lat' dir='ltr'><strong>funebralis</strong></span> <span class='ocrx_word' id='word_1_63' title='bbox 950 1518 1170 1600; x_wconf 77' lang='lat' dir='ltr'><strong>Ecclesiae</strong></span> <span class='ocrx_word' id='word_1_64' title='bbox 1199 1515 1453 1600; x_wconf 87' lang='lat' dir='ltr'><strong>Orientalis.</strong></span> 
     </span>
    </p>
   </div>
   <div class='ocr_carea' id='block_1_8' title="bbox 268 1663 1524 2985">
    <p class='ocr_par' dir='ltr' id='par_1_8' title="bbox 268 1663 1524 2985">
     <span class='ocr_line' id='line_1_12' title="bbox 364 1663 1522 1752; baseline -0.008 -18"><span class='ocrx_word' id='word_1_65' title='bbox 364 1665 576 1734; x_wconf 82' lang='lat' dir='ltr'><strong>Consuetudo</strong></span> <span class='ocrx_word' id='word_1_66' title='bbox 600 1671 661 1746; x_wconf 91' lang='lat' dir='ltr'><strong>est,</strong></span> <span class='ocrx_word' id='word_1_67' title='bbox 685 1670 725 1732; x_wconf 91' lang='lat' dir='ltr'><strong>ut</strong></span> <span class='ocrx_word' id='word_1_68' title='bbox 748 1687 866 1752; x_wconf 87' lang='lat' dir='ltr'><strong>corpus</strong></span> <span class='ocrx_word' id='word_1_69' title='bbox 889 1664 1038 1732; x_wconf 78' lang='lat' dir='ltr'><strong>defuncti</strong></span> <span class='ocrx_word' id='word_1_70' title='bbox 1062 1663 1286 1752; x_wconf 89' lang='lat' dir='ltr'><strong>perfundatur</strong></span> <span class='ocrx_word' id='word_1_71' title='bbox 1315 1663 1387 1730; x_wconf 87' lang='grc'><strong>5155</strong></span> <span class='ocrx_word' id='word_1_72' title='bbox 1432 1685 1451 1727; x_wconf 95' lang='grc'><strong>5</strong></span> <span class='ocrx_word' id='word_1_73' title='bbox 1477 1681 1522 1726; x_wconf 91' lang='lat' dir='ltr'><strong>ua</strong></span> 
     </span>
     <span class='ocr_line' id='line_1_13' title="bbox 269 1748 1520 1842; baseline -0.004 -22"><span class='ocrx_word' id='word_1_74' title='bbox 269 1753 391 1838; x_wconf 88' lang='lat' dir='ltr'><strong>mixto;</strong></span> <span class='ocrx_word' id='word_1_75' title='bbox 417 1753 619 1842; x_wconf 88' lang='lat' dir='ltr'><strong>prohibitum</strong></span> <span class='ocrx_word' id='word_1_76' title='bbox 643 1759 754 1820; x_wconf 90' lang='lat' dir='ltr'><strong>autem</strong></span> <span class='ocrx_word' id='word_1_77' title='bbox 777 1760 830 1819; x_wconf 89' lang='lat' dir='ltr'><strong>est</strong></span> <span class='ocrx_word' id='word_1_78' title='bbox 847 1753 946 1840; x_wconf 82' lang='lat' dir='ltr'><strong>juxta</strong></span> <span class='ocrx_word' id='word_1_79' title='bbox 968 1753 1091 1820; x_wconf 85' lang='lat' dir='ltr'><strong>Notum</strong></span> <span class='ocrx_word' id='word_1_80' title='bbox 1124 1752 1168 1819; x_wconf 93' lang='lat' dir='ltr'><strong>ad</strong></span> <span class='ocrx_word' id='word_1_81' title='bbox 1206 1751 1371 1819; x_wconf 74' lang='lat' dir='ltr'><strong>(lenonem</strong></span> <span class='ocrx_word' id='word_1_82' title='bbox 1479 1748 1520 1816; x_wconf 91' lang='lat' dir='ltr'><strong>V.</strong></span> 
     </span>
     <span class='ocr_line' id='line_1_14' title="bbox 268 1837 1522 1929; baseline -0.006 -19"><span class='ocrx_word' id='word_1_83' title='bbox 268 1842 564 1926; x_wconf 78' lang='lat' dir='ltr'><strong>Carthaginensem</strong></span> <span class='ocrx_word' id='word_1_84' title='bbox 588 1841 759 1908; x_wconf 87' lang='lat' dir='ltr'><strong>affundere</strong></span> <span class='ocrx_word' id='word_1_85' title='bbox 771 1863 901 1908; x_wconf 82' lang='lat' dir='ltr'><strong>sacrum</strong></span> <span class='ocrx_word' id='word_1_86' title='bbox 911 1840 1062 1908; x_wconf 87' lang='lat' dir='ltr'><strong>Chrisma</strong></span> <span class='ocrx_word' id='word_1_87' title='bbox 1078 1840 1207 1929; x_wconf 88' lang='lat' dir='ltr'><strong>corpori</strong></span> <span class='ocrx_word' id='word_1_88' title='bbox 1221 1840 1371 1906; x_wconf 84' lang='lat' dir='ltr'><strong>defuncti</strong></span> <span class='ocrx_word' id='word_1_89' title='bbox 1384 1837 1522 1905; x_wconf 88' lang='lat' dir='ltr'><strong>etiamsi</strong></span> 
     </span>
     <span class='ocr_line' id='line_1_15' title="bbox 269 1926 1522 2018; baseline -0.006 -23"><span class='ocrx_word' id='word_1_90' title='bbox 269 1929 453 2016; x_wconf 86' lang='lat' dir='ltr'><strong>Presbyter</strong></span> <span class='ocrx_word' id='word_1_91' title='bbox 475 1935 534 1996; x_wconf 90' lang='lat' dir='ltr'><strong>ant</strong></span> <span class='ocrx_word' id='word_1_92' title='bbox 557 1929 740 2018; x_wconf 82' lang='lat' dir='ltr'><strong>Episcopus</strong></span> <span class='ocrx_word' id='word_1_93' title='bbox 764 1934 861 1996; x_wconf 89' lang='lat' dir='ltr'><strong>esset.</strong></span> <span class='ocrx_word' id='word_1_94' title='bbox 886 1928 1073 1997; x_wconf 87' lang='lat' dir='ltr'><strong>Comitandi</strong></span> <span class='ocrx_word' id='word_1_95' title='bbox 1098 1935 1209 1996; x_wconf 89' lang='lat' dir='ltr'><strong>autem</strong></span> <span class='ocrx_word' id='word_1_96' title='bbox 1234 1933 1313 1994; x_wconf 92' lang='lat' dir='ltr'><strong>sunt</strong></span> <span class='ocrx_word' id='word_1_97' title='bbox 1344 1926 1522 1996; x_wconf 87' lang='lat' dir='ltr'><strong>christiani</strong></span> 
     </span>
     <span class='ocr_line' id='line_1_16' title="bbox 269 2015 1522 2104; baseline -0.002 -22"><span class='ocrx_word' id='word_1_98' title='bbox 269 2017 312 2082; x_wconf 89' lang='lat' dir='ltr'><strong>ad</strong></span> <span class='ocrx_word' id='word_1_99' title='bbox 337 2018 525 2104; x_wconf 89' lang='lat' dir='ltr'><strong>sepulcrum</strong></span> <span class='ocrx_word' id='word_1_100' title='bbox 570 2040 643 2084; x_wconf 92' lang='lat' dir='ltr'><strong>cum</strong></span> <span class='ocrx_word' id='word_1_101' title='bbox 665 2017 811 2104; x_wconf 91' lang='lat' dir='ltr'><strong>psalmis,</strong></span> <span class='ocrx_word' id='word_1_102' title='bbox 836 2025 936 2084; x_wconf 92' lang='lat' dir='ltr'><strong>cantu</strong></span> <span class='ocrx_word' id='word_1_103' title='bbox 959 2024 994 2083; x_wconf 90' lang='lat' dir='ltr'><strong>et</strong></span> <span class='ocrx_word' id='word_1_104' title='bbox 1017 2019 1164 2084; x_wconf 90' lang='lat' dir='ltr'><strong>accensis</strong></span> <span class='ocrx_word' id='word_1_105' title='bbox 1187 2018 1309 2082; x_wconf 89' lang='lat' dir='ltr'><strong>caereis</strong></span> <span class='ocrx_word' id='word_1_106' title='bbox 1343 2015 1385 2082; x_wconf 89' lang='lat' dir='ltr'><strong>ad</strong></span> <span class='ocrx_word' id='word_1_107' title='bbox 1409 2021 1522 2081; x_wconf 88' lang='lat' dir='ltr'><strong>conte·</strong></span> 
     </span>
     <span class='ocr_line' id='line_1_17' title="bbox 269 2102 1520 2194; baseline -0.002 -24"><span class='ocrx_word' id='word_1_108' title='bbox 269 2103 423 2172; x_wconf 87' lang='lat' dir='ltr'><strong>standum</strong></span> <span class='ocrx_word' id='word_1_109' title='bbox 446 2105 543 2170; x_wconf 89' lang='lat' dir='ltr'><strong>fidem</strong></span> <span class='ocrx_word' id='word_1_110' title='bbox 567 2104 658 2194; x_wconf 92' lang='lat' dir='ltr'><strong>quod</strong></span> <span class='ocrx_word' id='word_1_111' title='bbox 682 2104 830 2172; x_wconf 86' lang='lat' dir='ltr'><strong>defuncti</strong></span> <span class='ocrx_word' id='word_1_112' title='bbox 854 2105 888 2170; x_wconf 90' lang='lat' dir='ltr'><strong>in</strong></span> <span class='ocrx_word' id='word_1_113' title='bbox 914 2103 1036 2172; x_wconf 88' lang='lat' dir='ltr'><strong>lumine</strong></span> <span class='ocrx_word' id='word_1_114' title='bbox 1061 2107 1150 2171; x_wconf 91' lang='lat' dir='ltr'><strong>vitas</strong></span> <span class='ocrx_word' id='word_1_115' title='bbox 1195 2111 1353 2171; x_wconf 87' lang='lat' dir='ltr'><strong>aeternae</strong></span> <span class='ocrx_word' id='word_1_116' title='bbox 1394 2102 1520 2169; x_wconf 89' lang='lat' dir='ltr'><strong>consti-</strong></span> 
     </span>
     <span class='ocr_line' id='line_1_18' title="bbox 269 2191 1522 2280; baseline -0.001 -23"><span class='ocrx_word' id='word_1_117' title='bbox 269 2197 420 2260; x_wconf 87' lang='lat' dir='ltr'><strong>tuantur.</strong></span> <span class='ocrx_word' id='word_1_118' title='bbox 444 2193 522 2258; x_wconf 86' lang='lat' dir='ltr'><strong>Sine</strong></span> <span class='ocrx_word' id='word_1_119' title='bbox 546 2191 709 2260; x_wconf 85' lang='lat' dir='ltr'><strong>facultate</strong></span> <span class='ocrx_word' id='word_1_120' title='bbox 731 2193 891 2280; x_wconf 85' lang='lat' dir='ltr'><strong>Episcopi</strong></span> <span class='ocrx_word' id='word_1_121' title='bbox 917 2193 1057 2259; x_wconf 89' lang='lat' dir='ltr'><strong>vetitum</strong></span> <span class='ocrx_word' id='word_1_122' title='bbox 1082 2201 1134 2260; x_wconf 87' lang='lat' dir='ltr'><strong>est</strong></span> <span class='ocrx_word' id='word_1_123' title='bbox 1156 2215 1275 2280; x_wconf 91' lang='lat' dir='ltr'><strong>corpus</strong></span> <span class='ocrx_word' id='word_1_124' title='bbox 1292 2191 1442 2260; x_wconf 87' lang='lat' dir='ltr'><strong>defuncti</strong></span> <span class='ocrx_word' id='word_1_125' title='bbox 1465 2213 1522 2257; x_wconf 85' lang='lat' dir='ltr'><strong>ex-</strong></span> 
     </span>
     <span class='ocr_line' id='line_1_19' title="bbox 269 2280 1523 2368; baseline 0 -22"><span class='ocrx_word' id='word_1_126' title='bbox 269 2281 415 2362; x_wconf 87' lang='lat' dir='ltr'><strong>humare,</strong></span> <span class='ocrx_word' id='word_1_127' title='bbox 438 2287 474 2348; x_wconf 86' lang='lat' dir='ltr'><strong>et</strong></span> <span class='ocrx_word' id='word_1_128' title='bbox 496 2280 537 2347; x_wconf 90' lang='lat' dir='ltr'><strong>ad</strong></span> <span class='ocrx_word' id='word_1_129' title='bbox 561 2281 654 2348; x_wconf 89' lang='lat' dir='ltr'><strong>aliud</strong></span> <span class='ocrx_word' id='word_1_130' title='bbox 677 2298 866 2368; x_wconf 82' lang='lat' dir='ltr'><strong>sepulcrum</strong></span> <span class='ocrx_word' id='word_1_131' title='bbox 888 2281 1081 2346; x_wconf 88' lang='lat' dir='ltr'><strong>transferre.</strong></span> <span class='ocrx_word' id='word_1_132' title='bbox 1122 2280 1240 2363; x_wconf 75' lang='lat' dir='ltr'><strong>Quoad</strong></span> <span class='ocrx_word' id='word_1_133' title='bbox 1255 2282 1523 2367; x_wconf 87' lang='lat' dir='ltr'><strong>exequiasprae·</strong></span> 
     </span>
     <span class='ocr_line' id='line_1_20' title="bbox 269 2367 1523 2457; baseline -0.002 -21"><span class='ocrx_word' id='word_1_134' title='bbox 269 2369 387 2436; x_wconf 87' lang='lat' dir='ltr'><strong>scribit</strong></span> <span class='ocrx_word' id='word_1_135' title='bbox 408 2389 512 2436; x_wconf 89' lang='lat' dir='ltr'><strong>canon</strong></span> <span class='ocrx_word' id='word_1_136' title='bbox 537 2368 774 2457; x_wconf 89' lang='lat' dir='ltr'><strong>Apostolorum</strong></span> <span class='ocrx_word' id='word_1_137' title='bbox 798 2368 892 2436; x_wconf 87' lang='lat' dir='ltr'><strong>Petri</strong></span> <span class='ocrx_word' id='word_1_138' title='bbox 915 2374 951 2435; x_wconf 90' lang='lat' dir='ltr'><strong>et</strong></span> <span class='ocrx_word' id='word_1_139' title='bbox 972 2368 1070 2435; x_wconf 91' lang='lat' dir='ltr'><strong>Pauli</strong></span> <span class='ocrx_word' id='word_1_140' title='bbox 1092 2367 1207 2436; x_wconf 86' lang='lat' dir='ltr'>XIV.:</span> <span class='ocrx_word' id='word_1_141' title='bbox 1225 2367 1412 2456; x_wconf 82' lang='lat' dir='ltr'><strong>,Exequiae</strong></span> <span class='ocrx_word' id='word_1_142' title='bbox 1435 2389 1523 2434; x_wconf 89' lang='lat' dir='ltr'><strong>mor-</strong></span> 
     </span>
     <span class='ocr_line' id='line_1_21' title="bbox 269 2455 1523 2545; baseline -0.002 -21"><span class='ocrx_word' id='word_1_143' title='bbox 269 2463 402 2524; x_wconf 88' lang='lat' dir='ltr'><strong>tuorum</strong></span> <span class='ocrx_word' id='word_1_144' title='bbox 425 2457 510 2523; x_wconf 88' lang='lat' dir='ltr'><strong>fiant</strong></span> <span class='ocrx_word' id='word_1_145' title='bbox 532 2458 634 2524; x_wconf 92' lang='grc'><strong>151115</strong></span> <span class='ocrx_word' id='word_1_146' title='bbox 659 2456 721 2538; x_wconf 90' lang='lat' dir='ltr'><strong>die,</strong></span> <span class='ocrx_word' id='word_1_147' title='bbox 745 2463 883 2545; x_wconf 90' lang='lat' dir='ltr'><strong>propter</strong></span> <span class='ocrx_word' id='word_1_148' title='bbox 905 2479 981 2524; x_wconf 89' lang='lat' dir='ltr'><strong>eum</strong></span> <span class='ocrx_word' id='word_1_149' title='bbox 1004 2458 1060 2545; x_wconf 89' lang='lat' dir='ltr'><strong>qui</strong></span> <span class='ocrx_word' id='word_1_150' title='bbox 1083 2460 1184 2524; x_wconf 87' lang='lat' dir='ltr'><strong>tertio</strong></span> <span class='ocrx_word' id='word_1_151' title='bbox 1230 2457 1283 2524; x_wconf 92' lang='lat' dir='ltr'><strong>die</strong></span> <span class='ocrx_word' id='word_1_152' title='bbox 1323 2479 1342 2524; x_wconf 89' lang='lat' dir='ltr'><strong>a</strong></span> <span class='ocrx_word' id='word_1_153' title='bbox 1375 2455 1523 2523; x_wconf 82' lang='lat' dir='ltr'><strong>mortuis</strong></span> 
     </span>
     <span class='ocr_line' id='line_1_22' title="bbox 268 2545 1523 2632; baseline 0.001 -21"><span class='ocrx_word' id='word_1_154' title='bbox 268 2545 451 2618; x_wconf 85' lang='lat' dir='ltr'><strong>suscitatus</strong></span> <span class='ocrx_word' id='word_1_155' title='bbox 474 2552 536 2626; x_wconf 88' lang='lat' dir='ltr'><strong>est,</strong></span> <span class='ocrx_word' id='word_1_156' title='bbox 561 2551 595 2612; x_wconf 91' lang='lat' dir='ltr'><strong>et</strong></span> <span class='ocrx_word' id='word_1_157' title='bbox 618 2545 671 2611; x_wconf 88' lang='lat' dir='ltr'><strong>die</strong></span> <span class='ocrx_word' id='word_1_158' title='bbox 694 2567 790 2626; x_wconf 88' lang='grc'><strong>5555,</strong></span> <span class='ocrx_word' id='word_1_159' title='bbox 813 2545 856 2612; x_wconf 91' lang='lat' dir='ltr'><strong>ad</strong></span> <span class='ocrx_word' id='word_1_160' title='bbox 879 2545 1140 2612; x_wconf 85' lang='lat' dir='ltr'><strong>recordationem</strong></span> <span class='ocrx_word' id='word_1_161' title='bbox 1178 2567 1290 2612; x_wconf 92' lang='lat' dir='ltr'><strong>eorum</strong></span> <span class='ocrx_word' id='word_1_162' title='bbox 1326 2546 1391 2632; x_wconf 86' lang='lat' dir='ltr'><strong>¹qui</strong></span> <span class='ocrx_word' id='word_1_163' title='bbox 1437 2551 1523 2612; x_wconf 89' lang='lat' dir='ltr'><strong>sunt</strong></span> 
     </span>
     <span class='ocr_line' id='line_1_23' title="bbox 269 2633 1524 2722; baseline 0.002 -24"><span class='ocrx_word' id='word_1_164' title='bbox 269 2633 477 2721; x_wconf 84' lang='lat' dir='ltr'><strong>superstites,</strong></span> <span class='ocrx_word' id='word_1_165' title='bbox 501 2642 536 2699; x_wconf 92' lang='lat' dir='ltr'><strong>et</strong></span> <span class='ocrx_word' id='word_1_166' title='bbox 559 2655 672 2700; x_wconf 88' lang='lat' dir='ltr'><strong>eorum</strong></span> <span class='ocrx_word' id='word_1_167' title='bbox 695 2636 749 2721; x_wconf 89' lang='lat' dir='ltr'><strong>qui</strong></span> <span class='ocrx_word' id='word_1_168' title='bbox 774 2633 925 2700; x_wconf 85' lang='lat' dir='ltr'><strong>defuncti</strong></span> <span class='ocrx_word' id='word_1_169' title='bbox 947 2638 1051 2717; x_wconf 71' lang='lat' dir='ltr'><strong>sunt,</strong></span> <span class='ocrx_word' id='word_1_170' title='bbox 1076 2640 1108 2700; x_wconf 89' lang='lat' dir='ltr'><strong>et</strong></span> <span class='ocrx_word' id='word_1_171' title='bbox 1140 2633 1403 2722; x_wconf 83' lang='lat' dir='ltr'><strong>quadragesima,</strong></span> <span class='ocrx_word' id='word_1_172' title='bbox 1428 2633 1524 2714; x_wconf 87' lang='lat' dir='ltr'><strong>sicut</strong></span> 
     </span>
     <span class='ocr_line' id='line_1_24' title="bbox 270 2719 1524 2808; baseline 0 -22"><span class='ocrx_word' id='word_1_173' title='bbox 270 2728 304 2788; x_wconf 92' lang='lat' dir='ltr'><strong>et</strong></span> <span class='ocrx_word' id='word_1_174' title='bbox 326 2720 468 2808; x_wconf 91' lang='lat' dir='ltr'><strong>populus</strong></span> <span class='ocrx_word' id='word_1_175' title='bbox 491 2719 655 2788; x_wconf 87' lang='lat' dir='ltr'><strong>Judaicua</strong></span> <span class='ocrx_word' id='word_1_176' title='bbox 678 2721 802 2788; x_wconf 87' lang='lat' dir='ltr'><strong>Mosem</strong></span> <span class='ocrx_word' id='word_1_177' title='bbox 826 2721 931 2801; x_wconf 88' lang='lat' dir='ltr'><strong>flevit,</strong></span> <span class='ocrx_word' id='word_1_178' title='bbox 957 2730 990 2788; x_wconf 89' lang='lat' dir='ltr'><strong>et</strong></span> <span class='ocrx_word' id='word_1_179' title='bbox 1014 2728 1130 2788; x_wconf 87' lang='lat' dir='ltr'><strong>exacto</strong></span> <span class='ocrx_word' id='word_1_180' title='bbox 1143 2743 1228 2788; x_wconf 91' lang='lat' dir='ltr'><strong>anno</strong></span> <span class='ocrx_word' id='word_1_181' title='bbox 1240 2744 1282 2788; x_wconf 87' lang='lat' dir='ltr'><strong>ex</strong></span> <span class='ocrx_word' id='word_1_182' title='bbox 1298 2721 1391 2787; x_wconf 88' lang='lat' dir='ltr'><strong>bonis</strong></span> <span class='ocrx_word' id='word_1_183' title='bbox 1404 2742 1524 2788; x_wconf 89' lang='lat' dir='ltr'><strong>eorum</strong></span> 
     </span>
     <span class='ocr_line' id='line_1_25' title="bbox 269 2808 1524 2898; baseline 0.002 -24"><span class='ocrx_word' id='word_1_184' title='bbox 269 2808 504 2898; x_wconf 87' lang='lat' dir='ltr'><strong>suppeditetur</strong></span> <span class='ocrx_word' id='word_1_185' title='bbox 526 2810 728 2898; x_wconf 88' lang='lat' dir='ltr'><strong>pauperibus</strong></span> <span class='ocrx_word' id='word_1_186' title='bbox 751 2809 790 2875; x_wconf 91' lang='lat' dir='ltr'><strong>ad</strong></span> <span class='ocrx_word' id='word_1_187' title='bbox 816 2810 1076 2876; x_wconf 87' lang='lat' dir='ltr'><strong>recordationem</strong></span> <span class='ocrx_word' id='word_1_188' title='bbox 1091 2831 1213 2877; x_wconf 88' lang='lat' dir='ltr'><strong>eorum.</strong></span> <span class='ocrx_word' id='word_1_189' title='bbox 1236 2809 1378 2898; x_wconf 91' lang='lat' dir='ltr'><strong>Impium</strong></span> <span class='ocrx_word' id='word_1_190' title='bbox 1394 2815 1524 2891; x_wconf 92' lang='lat' dir='ltr'><strong>autem,</strong></span> 
     </span>
     <span class='ocr_line' id='line_1_26' title="bbox 269 2897 1469 2985; baseline 0.002 -23"><span class='ocrx_word' id='word_1_191' title='bbox 269 2897 366 2964; x_wconf 83' lang='lat' dir='ltr'><strong>addit</strong></span> <span class='ocrx_word' id='word_1_192' title='bbox 388 2918 503 2978; x_wconf 90' lang='lat' dir='ltr'><strong>canon,</strong></span> <span class='ocrx_word' id='word_1_193' title='bbox 529 2902 606 2966; x_wconf 89' lang='lat' dir='ltr'><strong>licet</strong></span> <span class='ocrx_word' id='word_1_194' title='bbox 628 2902 722 2964; x_wconf 91' lang='grc'><strong>15155</strong></span> <span class='ocrx_word' id='word_1_195' title='bbox 745 2897 886 2964; x_wconf 91' lang='lat' dir='ltr'><strong>mundus</strong></span> <span class='ocrx_word' id='word_1_196' title='bbox 910 2920 968 2985; x_wconf 89' lang='lat' dir='ltr'><strong>pro</strong></span> <span class='ocrx_word' id='word_1_197' title='bbox 992 2921 1029 2966; x_wconf 91' lang='lat' dir='ltr'><strong>ec</strong></span> <span class='ocrx_word' id='word_1_198' title='bbox 1054 2897 1162 2979; x_wconf 90' lang='lat' dir='ltr'><strong>detur,</strong></span> <span class='ocrx_word' id='word_1_199' title='bbox 1188 2920 1250 2965; x_wconf 90' lang='lat' dir='ltr'><strong>noo</strong></span> <span class='ocrx_word' id='word_1_200' title='bbox 1269 2897 1469 2985; x_wconf 70' lang='lat' dir='ltr'><strong>·juvabis.²)‘</strong></span> 
     </span>
    </p>
   </div>
   <div class='ocr_carea' id='block_1_9' title="bbox 602 3074 1188 3178">
    <p class='ocr_par' dir='ltr' id='par_1_9' title="bbox 602 3074 1188 3178">
     <span class='ocr_line' id='line_1_27' title="bbox 602 3074 1188 3178; baseline -0.003 -24"><span class='ocrx_word' id='word_1_201' title='bbox 602 3076 637 3169; x_wconf 65' lang='grc' dir='ltr'><strong>ἓ.</strong></span> <span class='ocrx_word' id='word_1_202' title='bbox 686 3074 779 3156; x_wconf 90' lang='grc'><strong>155.</strong></span> <span class='ocrx_word' id='word_1_203' title='bbox 818 3075 1025 3178; x_wconf 72' lang='grc'><strong>8115511511</strong></span> <span class='ocrx_word' id='word_1_204' title='bbox 1052 3099 1188 3158; x_wconf 85' lang='grc'><strong>55515.</strong></span> 
     </span>
    </p>
   </div>
   <div class='ocr_carea' id='block_1_10' title="bbox 269 3219 1526 3662">
    <p class='ocr_par' dir='ltr' id='par_1_10' title="bbox 269 3219 1526 3662">
     <span class='ocr_line' id='line_1_28' title="bbox 366 3219 1525 3310; baseline 0 -23"><span class='ocrx_word' id='word_1_205' title='bbox 366 3220 421 3287; x_wconf 92' lang='lat' dir='ltr'><strong>Ad</strong></span> <span class='ocrx_word' id='word_1_206' title='bbox 445 3242 572 3287; x_wconf 90' lang='lat' dir='ltr'><strong>sacram</strong></span> <span class='ocrx_word' id='word_1_207' title='bbox 617 3219 858 3309; x_wconf 90' lang='lat' dir='ltr'><strong>supellectilem</strong></span> <span class='ocrx_word' id='word_1_208' title='bbox 881 3227 1035 3310; x_wconf 87' lang='lat' dir='ltr'><strong>spectant</strong></span> <span class='ocrx_word' id='word_1_209' title='bbox 1059 3224 1094 3308; x_wconf 87' lang='lat' dir='ltr'><strong>a)</strong></span> <span class='ocrx_word' id='word_1_210' title='bbox 1118 3221 1210 3291; x_wconf 86' lang='lat' dir='ltr'><strong>Vasa</strong></span> <span class='ocrx_word' id='word_1_211' title='bbox 1233 3244 1327 3290; x_wconf 90' lang='lat' dir='ltr'><strong>sacra</strong></span> <span class='ocrx_word' id='word_1_212' title='bbox 1361 3219 1525 3287; x_wconf 82' lang='grc'><strong>51151115-</strong></span> 
     </span>
     <span class='ocr_line' id='line_1_29' title="bbox 270 3308 1523 3396; baseline 0 -22"><span class='ocrx_word' id='word_1_213' title='bbox 270 3308 392 3375; x_wconf 88' lang='lat' dir='ltr'><strong>tionem</strong></span> <span class='ocrx_word' id='word_1_214' title='bbox 417 3308 620 3376; x_wconf 85' lang='lat' dir='ltr'><strong>sanctissimi</strong></span> <span class='ocrx_word' id='word_1_215' title='bbox 642 3308 794 3376; x_wconf 87' lang='lat' dir='ltr'><strong>sacrificii</strong></span> <span class='ocrx_word' id='word_1_216' title='bbox 819 3309 968 3376; x_wconf 89' lang='lat' dir='ltr'><strong>adhiberi</strong></span> <span class='ocrx_word' id='word_1_217' title='bbox 992 3309 1102 3391; x_wconf 89' lang='lat' dir='ltr'><strong>solita,</strong></span> <span class='ocrx_word' id='word_1_218' title='bbox 1127 3315 1166 3376; x_wconf 93' lang='grc'><strong>51</strong></span> <span class='ocrx_word' id='word_1_219' title='bbox 1189 3309 1523 3396; x_wconf 61' lang='grc'><strong>555155115551555,</strong></span> 
     </span>
     <span class='ocr_line' id='line_1_30' title="bbox 269 3395 1523 3486; baseline 0.001 -24"><span class='ocrx_word' id='word_1_220' title='bbox 269 3395 378 3478; x_wconf 87' lang='grc'><strong>515115,</strong></span> <span class='ocrx_word' id='word_1_221' title='bbox 403 3420 487 3486; x_wconf 88' lang='lat' dir='ltr'><strong>quae</strong></span> <span class='ocrx_word' id='word_1_222' title='bbox 510 3400 618 3464; x_wconf 91' lang='lat' dir='ltr'><strong>omnia</strong></span> <span class='ocrx_word' id='word_1_223' title='bbox 641 3420 680 3464; x_wconf 89' lang='lat' dir='ltr'><strong>ex</strong></span> <span class='ocrx_word' id='word_1_224' title='bbox 706 3395 839 3464; x_wconf 88' lang='lat' dir='ltr'><strong>metallo</strong></span> <span class='ocrx_word' id='word_1_225' title='bbox 863 3397 1013 3464; x_wconf 89' lang='lat' dir='ltr'><strong>confecta</strong></span> <span class='ocrx_word' id='word_1_226' title='bbox 1038 3421 1108 3464; x_wconf 89' lang='lat' dir='ltr'><strong>esse</strong></span> <span class='ocrx_word' id='word_1_227' title='bbox 1133 3395 1523 3484; x_wconf 80' lang='lat' dir='ltr'><strong>debent;lrisaccedunt</strong></span> 
     </span>
     <span class='ocr_line' id='line_1_31' title="bbox 269 3483 1526 3573; baseline 0 -21"><span class='ocrx_word' id='word_1_228' title='bbox 269 3487 376 3573; x_wconf 83' lang='lat' dir='ltr'><strong>pyxis,</strong></span> <span class='ocrx_word' id='word_1_229' title='bbox 401 3507 460 3573; x_wconf 91' lang='lat' dir='ltr'><strong>pro</strong></span> <span class='ocrx_word' id='word_1_230' title='bbox 484 3485 709 3552; x_wconf 87' lang='lat' dir='ltr'><strong>conservando</strong></span> <span class='ocrx_word' id='word_1_231' title='bbox 733 3499 767 3552; x_wconf 91' lang='grc'><strong>51</strong></span> <span class='ocrx_word' id='word_1_232' title='bbox 791 3485 978 3566; x_wconf 86' lang='lat' dir='ltr'><strong>deferendo,</strong></span> <span class='ocrx_word' id='word_1_233' title='bbox 1007 3486 1124 3552; x_wconf 77' lang='grc'><strong>1151155</strong></span> <span class='ocrx_word' id='word_1_234' title='bbox 1148 3487 1425 3567; x_wconf 89' lang='lat' dir='ltr'><strong>moribundorum,</strong></span> <span class='ocrx_word' id='word_1_235' title='bbox 1440 3483 1526 3552; x_wconf 88' lang='lat' dir='ltr'><strong>dein</strong></span> 
     </span>
     <span class='ocr_line' id='line_1_32' title="bbox 270 3573 1524 3662; baseline 0.001 -23"><span class='ocrx_word' id='word_1_236' title='bbox 270 3596 350 3640; x_wconf 88' lang='lat' dir='ltr'><strong>vasa</strong></span> <span class='ocrx_word' id='word_1_237' title='bbox 373 3573 500 3660; x_wconf 85' lang='lat' dir='ltr'><strong>pariter</strong></span> <span class='ocrx_word' id='word_1_238' title='bbox 523 3595 541 3639; x_wconf 93' lang='lat' dir='ltr'><strong>e</strong></span> <span class='ocrx_word' id='word_1_239' title='bbox 563 3573 710 3654; x_wconf 90' lang='lat' dir='ltr'><strong>metallo,</strong></span> <span class='ocrx_word' id='word_1_240' title='bbox 734 3576 770 3641; x_wconf 90' lang='lat' dir='ltr'><strong>in</strong></span> <span class='ocrx_word' id='word_1_241' title='bbox 793 3573 913 3662; x_wconf 92' lang='lat' dir='ltr'><strong>quibus</strong></span> <span class='ocrx_word' id='word_1_242' title='bbox 935 3597 1066 3640; x_wconf 87' lang='lat' dir='ltr'><strong>sacrum</strong></span> <span class='ocrx_word' id='word_1_243' title='bbox 1089 3575 1197 3640; x_wconf 90' lang='lat' dir='ltr'><strong>oleum</strong></span> <span class='ocrx_word' id='word_1_244' title='bbox 1222 3582 1256 3642; x_wconf 93' lang='grc'><strong>51</strong></span> <span class='ocrx_word' id='word_1_245' title='bbox 1289 3573 1430 3643; x_wconf 86' lang='lat' dir='ltr'><strong>chrisma</strong></span> <span class='ocrx_word' id='word_1_246' title='bbox 1455 3576 1524 3650; x_wconf 73' lang='lat' dir='ltr'><strong>&#39;as-</strong></span> 
     </span>
    </p>
   </div>
   <div class='ocr_carea' id='block_1_11' title="bbox 269 3661 1523 3816">
    <p class='ocr_par' dir='ltr' id='par_1_11' title="bbox 269 3661 1523 3816">
     <span class='ocr_line' id='line_1_33' title="bbox 269 3661 1523 3816; baseline 0.002 -89"><span class='ocrx_word' id='word_1_247' title='bbox 269 3668 456 3728; x_wconf 90' lang='lat' dir='ltr'><strong>servantur.</strong></span> <span class='ocrx_word' id='word_1_248' title='bbox 481 3663 513 3747; x_wconf 87' lang='lat' dir='ltr'><strong>b)</strong></span> <span class='ocrx_word' id='word_1_249' title='bbox 536 3661 704 3750; x_wconf 82' lang='lat' dir='ltr'><strong>Imagines</strong></span> <span class='ocrx_word' id='word_1_250' title='bbox 727 3684 840 3729; x_wconf 90' lang='grc'><strong>555155</strong></span> <span class='ocrx_word' id='word_1_251' title='bbox 863 3662 942 3728; x_wconf 87' lang='lat' dir='ltr'><strong>fidei</strong></span> <span class='ocrx_word' id='word_1_252' title='bbox 966 3662 1128 3750; x_wconf 89' lang='lat' dir='ltr'><strong>mysteria</strong></span> <span class='ocrx_word' id='word_1_253' title='bbox 1152 3669 1187 3729; x_wconf 91' lang='lat' dir='ltr'><strong>et</strong></span> <span class='ocrx_word' id='word_1_254' title='bbox 1208 3669 1343 3730; x_wconf 89' lang='lat' dir='ltr'><strong>sanctos</strong></span> <span class='ocrx_word' id='word_1_255' title='bbox 1383 3682 1523 3816; x_wconf 58' lang='lat' dir='ltr'><strong>rpprae·</strong></span> 
     </span>
     <span class='ocr_line' id='line_1_34' title="bbox 1427 3772 1444 3816; baseline 0 0"><span class='ocrx_word' id='word_1_256' title='bbox 1427 3772 1444 3816; x_wconf 89' lang='grc'><strong>5</strong></span> 
     </span>
    </p>
   </div>
   <div class='ocr_carea' id='block_1_12' title="bbox 269 3743 1524 4171">
    <p class='ocr_par' dir='ltr' id='par_1_12' title="bbox 269 3743 1524 4171">
     <span class='ocr_line' id='line_1_35' title="bbox 269 3743 1524 3838; baseline 0.003 -24"><span class='ocrx_word' id='word_1_257' title='bbox 269 3754 451 3830; x_wconf 79' lang='lat' dir='ltr'><strong>suntantea,</strong></span> <span class='ocrx_word' id='word_1_258' title='bbox 475 3771 614 3838; x_wconf 88' lang='lat' dir='ltr'><strong>quarum</strong></span> <span class='ocrx_word' id='word_1_259' title='bbox 638 3751 826 3818; x_wconf 89' lang='lat' dir='ltr'><strong>Orientales</strong></span> <span class='ocrx_word' id='word_1_260' title='bbox 850 3751 986 3816; x_wconf 87' lang='lat' dir='ltr'><strong>maximi</strong></span> <span class='ocrx_word' id='word_1_261' title='bbox 1010 3743 1155 3818; x_wconf 86' lang='lat' dir='ltr'><strong>cultores</strong></span> <span class='ocrx_word' id='word_1_262' title='bbox 1187 3757 1276 3817; x_wconf 89' lang='lat' dir='ltr'><strong>sunt.</strong></span> <span class='ocrx_word' id='word_1_263' title='bbox 1318 3751 1347 3836; x_wconf 91' lang='lat' dir='ltr'><strong>c)</strong></span> <span class='ocrx_word' id='word_1_264' title='bbox 1445 3756 1524 3818; x_wconf 89' lang='lat' dir='ltr'><strong>stes</strong></span> 
     </span>
     <span class='ocr_line' id='line_1_36' title="bbox 269 3835 1523 3917; baseline 0 -13"><span class='ocrx_word' id='word_1_265' title='bbox 269 3859 392 3917; x_wconf 90' lang='lat' dir='ltr'><strong>sacrae,</strong></span> <span class='ocrx_word' id='word_1_266' title='bbox 438 3839 536 3905; x_wconf 91' lang='lat' dir='ltr'><strong>uibus</strong></span> <span class='ocrx_word' id='word_1_267' title='bbox 560 3860 729 3906; x_wconf 90' lang='lat' dir='ltr'><strong>sacrorum</strong></span> <span class='ocrx_word' id='word_1_268' title='bbox 753 3839 895 3906; x_wconf 89' lang='lat' dir='ltr'><strong>ministri</strong></span> <span class='ocrx_word' id='word_1_269' title='bbox 920 3860 994 3906; x_wconf 92' lang='lat' dir='ltr'><strong>cum</strong></span> <span class='ocrx_word' id='word_1_270' title='bbox 1017 3839 1128 3905; x_wconf 88' lang='lat' dir='ltr'><strong>munia</strong></span> <span class='ocrx_word' id='word_1_271' title='bbox 1153 3861 1213 3906; x_wconf 90' lang='lat' dir='ltr'><strong>sua</strong></span> <span class='ocrx_word' id='word_1_272' title='bbox 1237 3841 1360 3906; x_wconf 89' lang='lat' dir='ltr'><strong>obeunt</strong></span> <span class='ocrx_word' id='word_1_273' title='bbox 1374 3835 1523 3904; x_wconf 90' lang='lat' dir='ltr'><strong>induun-</strong></span> 
     </span>
     <span class='ocr_line' id='line_1_37' title="bbox 269 3861 1524 4015; baseline 0.001 -23"><span class='ocrx_word' id='word_1_274' title='bbox 269 3931 335 3992; x_wconf 87' lang='lat' dir='ltr'><strong>tur.</strong></span> <span class='ocrx_word' id='word_1_275' title='bbox 360 3929 394 4012; x_wconf 77' lang='lat' dir='ltr'><strong>d)</strong></span> <span class='ocrx_word' id='word_1_276' title='bbox 416 3861 613 4014; x_wconf 69' lang='grc'><strong>1151555555,</strong></span> <span class='ocrx_word' id='word_1_277' title='bbox 636 3948 695 3994; x_wconf 92' lang='grc'><strong>555</strong></span> <span class='ocrx_word' id='word_1_278' title='bbox 718 3926 813 3994; x_wconf 89' lang='grc'><strong>55155</strong></span> <span class='ocrx_word' id='word_1_279' title='bbox 837 3927 879 3992; x_wconf 90' lang='lat' dir='ltr'><strong>ad</strong></span> <span class='ocrx_word' id='word_1_280' title='bbox 902 3949 944 4015; x_wconf 93' lang='lat' dir='ltr'><strong>po</strong></span> <span class='ocrx_word' id='word_1_281' title='bbox 969 3927 1118 3993; x_wconf 87' lang='grc'><strong>5151515</strong></span> <span class='ocrx_word' id='word_1_282' title='bbox 1143 3926 1299 3995; x_wconf 88' lang='lat' dir='ltr'><strong>ecclesias</strong></span> <span class='ocrx_word' id='word_1_283' title='bbox 1315 3947 1524 4012; x_wconf 83' lang='lat' dir='ltr'><strong>congregan-</strong></span> 
     </span>
     <span class='ocr_line' id='line_1_38' title="bbox 270 4013 1524 4104; baseline 0.004 -25"><span class='ocrx_word' id='word_1_284' title='bbox 270 4013 356 4095; x_wconf 91' lang='lat' dir='ltr'><strong>dum,</strong></span> <span class='ocrx_word' id='word_1_285' title='bbox 381 4021 481 4102; x_wconf 87' lang='lat' dir='ltr'><strong>atque</strong></span> <span class='ocrx_word' id='word_1_286' title='bbox 504 4013 545 4079; x_wconf 92' lang='lat' dir='ltr'><strong>ad</strong></span> <span class='ocrx_word' id='word_1_287' title='bbox 581 4016 761 4082; x_wconf 89' lang='lat' dir='ltr'><strong>orationem</strong></span> <span class='ocrx_word' id='word_1_288' title='bbox 797 4016 929 4083; x_wconf 87' lang='lat' dir='ltr'><strong>excitan</strong></span> <span class='ocrx_word' id='word_1_289' title='bbox 954 4038 1019 4095; x_wconf 93' lang='lat' dir='ltr'><strong>um,</strong></span> <span class='ocrx_word' id='word_1_290' title='bbox 1052 4037 1136 4104; x_wconf 87' lang='lat' dir='ltr'><strong>quae</strong></span> <span class='ocrx_word' id='word_1_291' title='bbox 1170 4015 1281 4082; x_wconf 89' lang='lat' dir='ltr'><strong>omnia</strong></span> <span class='ocrx_word' id='word_1_292' title='bbox 1310 4013 1524 4104; x_wconf 86' lang='lat' dir='ltr'><strong>praescripto</strong></span> 
     </span>
     <span class='ocr_line' id='line_1_39' title="bbox 269 4103 547 4171; baseline -0.004 -3"><span class='ocrx_word' id='word_1_293' title='bbox 269 4103 340 4168; x_wconf 91' lang='lat' dir='ltr'><strong>ritu</strong></span> <span class='ocrx_word' id='word_1_294' title='bbox 362 4108 547 4171; x_wconf 90' lang='lat' dir='ltr'><strong>sacrantur.</strong></span> 
     </span>
    </p>
   </div>
   <div class='ocr_carea' id='block_1_13' title="bbox 344 4323 1115 4469">
    <p class='ocr_par' dir='ltr' id='par_1_13' title="bbox 344 4323 1115 4469">
     <span class='ocr_line' id='line_1_40' title="bbox 345 4323 1115 4396; baseline -0.001 -16"><span class='ocrx_word' id='word_1_295' title='bbox 345 4327 363 4394; x_wconf 82' lang='lat'><strong>¹)</strong></span> <span class='ocrx_word' id='word_1_296' title='bbox 383 4324 490 4381; x_wconf 85' lang='lat' dir='ltr'><strong>Confer.</strong></span> <span class='ocrx_word' id='word_1_297' title='bbox 510 4325 638 4381; x_wconf 83' lang='lat' dir='ltr'><strong>Schenkl.</strong></span> <span class='ocrx_word' id='word_1_298' title='bbox 659 4325 735 4382; x_wconf 84' lang='lat' dir='ltr'><strong>Tom.</strong></span> <span class='ocrx_word' id='word_1_299' title='bbox 755 4327 787 4381; x_wconf 94' lang='grc'><strong>11.</strong></span> <span class='ocrx_word' id='word_1_300' title='bbox 807 4326 862 4385; x_wconf 87' lang='grc'><strong>151.</strong></span> <span class='ocrx_word' id='word_1_301' title='bbox 882 4325 952 4380; x_wconf 80' lang='grc'><strong>11551.</strong></span> <span class='ocrx_word' id='word_1_302' title='bbox 973 4341 1034 4396; x_wconf 80' lang='lat' dir='ltr'><strong>pag.</strong></span> <span class='ocrx_word' id='word_1_303' title='bbox 1055 4323 1115 4379; x_wconf 87' lang='grc'><strong>563.</strong></span> 
     </span>
     <span class='ocr_line' id='line_1_41' title="bbox 344 4397 760 4469; baseline 0.002 -17"><span class='ocrx_word' id='word_1_304' title='bbox 344 4398 363 4469; x_wconf 80' lang='lat'><strong>²)</strong></span> <span class='ocrx_word' id='word_1_305' title='bbox 383 4397 463 4468; x_wconf 84' lang='lat' dir='ltr'><strong>Apud</strong></span> <span class='ocrx_word' id='word_1_306' title='bbox 481 4399 611 4468; x_wconf 82' lang='lat' dir='ltr'><strong>Bevereg.</strong></span> <span class='ocrx_word' id='word_1_307' title='bbox 632 4399 708 4456; x_wconf 87' lang='lat' dir='ltr'><strong>Tom.</strong></span> <span class='ocrx_word' id='word_1_308' title='bbox 729 4400 760 4456; x_wconf 95' lang='grc'><strong>11.</strong></span> 
     </span>
    </p>
   </div>
   <div class='ocr_carea' id='block_1_14' title="bbox 797 4581 1002 4590">
    <p class='ocr_par' dir='ltr' id='par_1_14' title="bbox 797 4581 1002 4590">
     <span class='ocr_line' id='line_1_42' title="bbox 797 4581 1002 4590; baseline 0 -2"><span class='ocrx_word' id='word_1_309' title='bbox 797 4581 1002 4590; x_wconf 76' lang='lat'>-.—-—---</span> 
     </span>
    </p>
   </div>
   <div class='ocr_carea' id='block_1_15' title="bbox 0 0 1718 5364">
    <p class='ocr_par' dir='ltr' id='par_1_15' title="bbox 0 0 1718 5364">
     <span class='ocr_line' id='line_1_43' title="bbox 0 0 1718 5364; baseline 0 0"><span class='ocrx_word' id='word_1_310' title='bbox 0 0 1718 5364; x_wconf 95' lang='lat' dir='ltr'><strong> </strong></span> 
     </span>
    </p>
   </div>
  </div>
 </body>
</html>
