3426 5368
179 588 347 656 siastieos
371 591 406 653 et
428 585 555 654 nobiles
578 584 745 653 Valachos
787 587 896 654 tribus
941 586 976 652 in
1018 583 1253 652 Transilvauia
1299 605 1372 651 rece
1397 584 1443 650 tis

179 675 387 742 nationibus
410 673 673 740 adnumeraudos
693 696 700 758 ;
724 675 899 760 signanter
921 673 1055 758 quidem
1099 671 1295 738 Sacerdotes
1318 693 1338 737 a
1385 673 1445 739 eci·

179 784 331 844 marum,
355 761 566 843 teloniorum,
591 760 693 841 nauli,
731 761 899 828 honorarii
945 766 979 827 et
1025 767 1190 840 taxarum,
1236 757 1378 826 aliorum
1403 781 1444 826 ue

182 872 330 918 onerum
353 849 582 938 praestatione
604 849 767 916 immunes
790 849 976 934 declarare;
1001 846 1227 916 Valachcrum
1251 868 1330 915 vero
1353 870 1395 915 no
1419 846 1447 913 i·

184 938 272 1005 lium
297 959 365 1023 qua
388 937 515 1020 talium,
539 939 573 1004 in
598 936 807 1005 conferendis
830 935 959 1018 officiis,
983 937 1101 1022 quibus
1147 934 1302 1022 gerendis
1348 957 1446 1023 pares

183 1026 328 1112 fuerim,
353 1026 489 1112 perinde
512 1048 550 1092 ac
572 1025 773 1114 reliquorum
797 1025 1053 1093 Transilvaniae
1094 1023 1265 1106 nobilium,
1281 1021 1446 1092 rationem

182 1113 402 1200 habendam,
423 1113 662 1202 jobbagionum
686 1113 806 1182 deinde
830 1113 1056 1184 Valaoborum
1077 1112 1151 1194 filii,
1188 1111 1322 1179 scholas
1366 1118 1445 1179 actu

187 1201 456 1290 frequentantes,
480 1208 540 1269 aut
564 1201 638 1269 dein
662 1202 921 1290 frequentaturi,
946 1201 1131 1269 studiorum
1157 1222 1304 1288 capaces,
1351 1222 1392 1266 ne
1427 1221 1447 1266 a
1533 1217 1535 1223 ·

187 1289 336 1357 dominis
360 1291 431 1356 suis
453 1289 669 1357 terrestribus
694 1290 925 1379 impediantur,
950 1289 1011 1357 sub
1034 1290 1131 1376 gravi
1154 1309 1260 1378 poena
1294 1291 1447 1355 statuere

190 1378 328 1465 dignati
351 1399 475 1446 sumne.
500 1377 628 1461 Quibus
651 1378 792 1463 aliisque
814 1377 1065 1465 benignissimis
1088 1376 1231 1444 indultis
1264 1380 1299 1443 et
1331 1376 1447 1443 immu-

189 1465 371 1547 nitatibus,
396 1465 501 1533 eidem
524 1468 618 1553 g'enti
641 1465 843 1534 Valacbieae
866 1467 1031 1534 concessis
1054 1465 1090 1533 in
1113 1465 1150 1532 id
1173 1466 1303 1532 omnino
1340 1471 1448 1532 1nteu·

194 1553 367 1635 debemus,
391 1560 430 1622 ut
452 1577 473 1621 a
495 1555 592 1622 nobis
615 1559 777 1643 protecta,
801 1556 914 1641 quiete
937 1562 971 1622 et
994 1553 1130 1644 pacifice
1154 1553 1189 1620 in
1211 1553 1273 1619 illo
1307 1553 1446 1620 finitimo

189 1641 388 1732 principatu
409 1648 525 1709 nostro
548 1645 678 1710 viveret
711 1664 750 1710 ac
794 1643 1000 1732 persisteret,
1046 1641 1209 1731 ampliora
1253 1641 1447 1709 clementiae

190 1737 331 1798 nostrae
354 1728 553 1799 documenta
577 1731 718 1797 subinde
741 1737 932 1821 expertura.
958 1730 1083 1798 Verum
1107 1730 1194 1798 enirn
1232 1751 1311 1797 vero
1339 1729 1448 1817 ¹longe

190 1819 295 1886 aliter
318 1823 354 1886 et
377 1819 546 1887 voluntati
569 1825 703 1887 nostrae
717 1826 897 1887 -maternae
919 1840 1057 1908 prorsus
1080 1819 1248 1885 contrario
1273 1817 1447 1885 modorem

191 1929 211 1974 a
240 1907 251 1973 i
275 1907 473 1995 experimur.
499 1907 599 1975 Certo
623 1907 787 1995 siquidem
809 1908 1036 1984 informamur,
1062 1930 1127 1973 non
1150 1929 1275 1996 paucos
1309 1906 1446 1994 eplebe

190 1930 421 2063 {laesorum
444 1995 485 2062 ad
511 1994 693 2082 sacrilegos
717 2019 827 2077 ausus,
853 1996 1041 2084 divinisque
1065 2017 1103 2061 ac
1137 1994 1291 2062 humanis
1315 1995 1446 2082 legibus

190 2083 323 2151 vetitos
345 2089 442 2151 actus
465 2084 687 2162 tumultuarie
710 2087 921 2172 prorupisse,
946 2082 1071 2172 templa
1096 2105 1134 2150 aa
1156 2082 1364 2172 parochiales
1391 2082 1445 2150 do·

189 2194 265 2238 mos
288 2171 470 2258 violand03
518 2172 657 2239 aroohos
680 2172 910 2258 exturband03
935 2193 1048 2239 eorum
1071 2193 1228 2259 personas
1249 2172 1446 2239 invadentes

190 2260 330 2347 indigne
351 2195 540 2341 tractando,
566 2261 753 2342 detinendo,
779 2260 1006 2345 verberando;
1031 2260 1073 2326 ad
1096 2282 1224 2341 census,
1248 2260 1447 2347 laboresque

191 2347 415 2436 praestandos
438 2349 643 2430 colonicales,
669 2356 784 2416 contra
797 2349 1034 2416 resolutionem
1048 2354 1082 2415 et
1091 2348 1274 2436 jussionem
1297 2352 1446 2414 nostram

193 2437 342 2522 cogendo
357 2460 364 2522 ;
389 2437 629 2526 praestigiosos
641 2438 739 2518 ritus,
754 2444 980 2505 monstruosas
994 2437 1259 2525 superstitiones,
1273 2436 1444 2522 bigamias,

194 2525 385 2592 incestuosa
409 2526 629 2606 matrimonia,
654 2527 835 2594 canonibus
859 2527 959 2594 etiarn
984 2525 1339 2592 orientalisEcclesiae
1355 2524 1447 2590 dam·

195 2618 284 2692 nata,
330 2612 571 2681 introducendo
606 2620 641 2679 et
664 2615 862 2698 exercendo;
887 2615 1048 2704 pluraque
1070 2613 1123 2681 his
1168 2613 1292 2680 similia
1337 2618 1447 2680 atten-

194 2701 308 2767 tando.
332 2701 525 2789 cujusmodi
547 2702 834 2790 praesumptiones
857 2713 1018 2789 actusque
1041 2709 1110 2770 tam
1140 2702 1290 2777 audaces.
1314 2706 1350 2768 et
1394 2700 1448 2768 de·

195 2787 352 2871 testandi,
376 2789 568 2856 Christiana
592 2801 694 2874 geute
740 2813 853 2859 rursus
877 2793 1016 2879 indigni,
1041 2790 1136 2858 velut
1151 2792 1216 2881 ipsi
1240 2792 1340 2858 etiam
1355 2789 1446 2877 plebi

194 2872 393 2974 Valachicae
416 2875 560 2955 exitiosi,
584 2882 619 2943 et
643 2899 703 2944 con
728 2881 919 2966 emnabiles,
953 2880 1150 2967 condignam
1174 2885 1209 2946 et
1232 2878 1382 2959 celerem,
1405 2884 1446 2944 nt

190 2961 268 3047 ipsa
290 2981 340 3026 rer
362 2964 556 3047 magnitudo
573 2963 686 3047 exigit,
701 2975 906 3035 mererentur
921 2968 1242 3036 animadversionem
1256 2974 1290 3034 et
1304 2987 1445 3056 poenam

190 3049 227 3115 in
251 3046 322 3114 suis
345 3052 536 3118 auctoribus
559 3056 594 3118 et
618 3051 815 3133 fautoribus,
839 3061 1009 3141 tamquam
1037 3058 1189 3142 publicae
1234 3057 1362 3144 quietis
1410 3060 1445 3122 et

189 3135 448 3224 tranquillitatis
471 3138 712 3220 turbatoribus,
737 3140 960 3207 statuendam.
986 3141 1270 3224 Quemadmodum
1316 3145 1445 3228 itaque,

190 3230 232 3292 ut
255 3230 397 3292 connata
420 3228 523 3313 nobis,
546 3232 774 3318 augustaeque
797 3229 909 3296 domui
921 3231 1121 3296 Austriacae
1138 3230 1324 3311 clementia,
1339 3231 1443 3297 omni·

191 3315 254 3380 bns
276 3311 428 3381 fidelibus
451 3316 575 3382 nostris
598 3315 743 3384 subditis
768 3318 883 3404 magis,
909 3318 1081 3405 magisque
1104 3319 1304 3400 innotescat,
1322 3325 1447 3386 mater·

191 3423 317 3490 uosque
339 3408 454 3470 noster
476 3405 510 3469 in
532 3410 667 3490 gentem
689 3404 904 3473 Valachicam
928 3406 1079 3487 affectus,
1104 3425 1272 3473 caeterum
1306 3429 1436 3496 quoque

189 3489 361 3572 clarescat,
385 3494 526 3558 intentio
550 3490 644 3557 nobis
666 3515 732 3560 non
756 3501 817 3575 est,
843 3494 1147 3579 necunquamfuit,
1162 3517 1317 3581 graecum
1331 3496 1436 3562 ritum

188 3578 225 3645 in
247 3579 389 3646 latinum
412 3578 572 3660 mutandi,
597 3579 713 3666 (prout
735 3581 823 3650 forte
846 3583 1026 3650 terminum
1062 3583 1227 3664 catholici,
1275 3585 1438 3674 rescripto

188 3671 303 3734 nostro
327 3689 365 3733 ac
388 3666 463 3733 dein
487 3667 624 3758 speciali
647 3669 790 3736 articulo
813 3673 975 3737 insertum
1024 3671 1134 3737 uidam
1180 3694 1219 3738 ac
1263 3693 1440 3762 perperam

188 3755 402 3843 interpretati
424 3762 513 3836 sunt,
536 3756 593 3846 qui
617 3756 730 3844 potius
753 3758 788 3824 in
813 3759 970 3846 majorem
983 3695 1437 3828 delectorumseeuritatem

185 3840 375 3931 juriumque
397 3849 432 3910 et
454 3844 661 3912 indultorum
685 3845 795 3929 robur,
819 3870 858 3914 ac
881 3848 1078 3915 firmitatem
1101 3849 1250 3936 adjectus
1275 3853 1343 3936 est)
1384 3871 1436 3916 ue·

187 3952 252 4017 que
274 3953 372 4018 porro
395 3954 592 4021 quemquam
614 3931 747 3999 illorum
770 3933 813 4000 ad
836 3935 1053 4004 deserendum
1077 3939 1252 4026 antiquum
1274 3961 1371 4005 suum
1395 3937 1440 4004 ri-

188 4029 270 4098 tum,
296 4041 332 4086 co
358 4041 412 4088 ere
434 4021 655 4107 intendimus;
681 4022 731 4088 ita
754 4022 815 4089 hac
838 4025 940 4090 etiam
964 4026 1037 4092 viee
1060 4026 1235 4093 universos
1270 4032 1305 4093 et
1328 4029 1441 4113 singu·

188 4104 238 4172 los
261 4042 409 4194 ejusdem
431 4112 541 4196 gentis
564 4109 678 4176 fideles
700 4108 854 4178 subditos
886 4118 1020 4179 nostros
1043 4113 1187 4200 benigue
1209 4121 1245 4181 st
1278 4136 1437 4202 perquam

187 4195 271 4262 serio
296 4196 473 4264 monendos
496 4221 568 4266 esse
591 4197 755 4280 duximus,
779 4207 944 4283 qnatenus
982 4200 1244 4288 praedeclaratis
1283 4203 1442 4269 animosi·

186 4283 325 4365 tatibus,
348 4286 651 4372 superstitionibus,
675 4285 830 4354 nefandis
853 4288 994 4368 actibus,
1040 4291 1246 4378 caeterisque
1291 4293 1324 4357 iu
1370 4311 1431 4358 sua

185 4372 314 4439 viscera
335 4374 513 4458 grassandi
536 4376 641 4442 modis
664 4376 907 4464 quamprimum
929 4377 1154 4464 supersedere,
1180 4379 1222 4444 ad
1236 4379 1430 4464 obsequium

185 4459 301 4541 redire,
325 4461 500 4548 quieteque
523 4485 561 4530 ac
583 4461 720 4552 pacifice
742 4465 919 4532 convivere
955 4464 1131 4546 studeatis,
1179 4489 1217 4534 ac
1262 4470 1430 4555 stagatla;

184 4567 291 4634 neque
311 4549 458 4617 sinistris
480 4550 753 4639 suggestionibus
777 4558 811 4619 et
836 4552 1035 4620 malesuadis
1059 4553 1209 4622 consiliis
1220 4555 1326 4626 locum
1339 4577 1434 4646 prae·

184 4633 302 4702 beatis.
326 4635 429 4704 Secue
452 4639 540 4706 enim
564 4640 733 4720 noveritis,
757 4642 953 4730 quicumque
977 4646 1126 4710 vestrum
1149 4663 1188 4711 ac
1219 4643 1319 4712 etiam
1363 4643 1433 4723 alii,

184 4725 390 4792 contumacia
416 4724 519 4810 ducti,
542 4727 741 4818 posthabita
765 4738 801 4798 et
823 4729 988 4818 vilipensa
1011 4737 1161 4800 materna
1183 4730 1251 4801 hac
1265 4733 1446 4803 monitione
