3464 5366
743 298 947 402 „L-

225 519 495 623 causaediasidii
517 518 744 623 Ecclesiarum
766 519 975 676 inscripsit}
991 520 1034 587 ad
1056 519 1467 623 infirmandamhauopro·

247 630 312 677 rrae
334 607 507 677 Ecclesiae
528 607 770 678 confessionem
792 607 930 678 adducit
977 607 1051 675 ‚Au
1115 612 1234 691 tinum,
1266 631 1301 675 ur
1315 607 1472 677 Sermone

318 695 378 764 VI.
403 695 439 763 in
461 694 684 784 Evangelium
706 695 874 764 Matthaei
897 695 974 785 Cap.
1091 694 1196 763 .ait:
1233 747 1251 778 „
1278 718 1363 787 uper
1384 694 1471 762 hanc

219 791 357 874 patrm,
381 805 479 870 quam
502 781 691 872 cognovisti
715 784 839 866 dicens,
863 790 903 853 tu
926 806 961 852 es
992 783 1159 864 Christus,
1191 784 1374 852 aedificabo
1408 784 1471 853 Eo·

220 871 354 942 alesiam
379 893 494 958 meam,
517 894 618 962 super
640 894 701 958 me,
724 873 814 940 idest
837 874 945 962 ipsum
962 871 1070 940 filiam
1092 872 1155 939 Dei
1176 871 1257 954 vivi,
1289 893 1390 962 super
1417 863 1471 941 'ine

218 959 399 1029 aedificabo
421 967 467 1047 ts,
488 981 555 1029 non
577 982 629 1030 ms
651 981 752 1050 saper
784 966 851 1030 teu
895 959 1069 1031 Confessio
1112 981 1254 1050 namque
1298 959 1470 1030 Ecclesiae

279 1069 357 1117 eoae
379 1047 452 1118 loco
474 1047 629 1131 adducto,
652 1048 830 1118 manifeste
853 1047 1035 1136 distinguit
1056 1048 1193 1116 Petram
1229 1046 1411 1131 Christum,
1449 1070 1470 1116 a

242 1135 296 1204 dei
319 1141 416 1226 petra
438 1137 588 1226 ofinoipe
611 1135 861 1226 discipulorum,
886 1136 943 1226 qui
953 1138 1053 1226 juxta
1067 1136 1308 1205 confessionem
1320 1136 1470 1208 Graecae

216 1222 388 1292 talaiae
409 1223 483 1293 ideo
506 1225 636 1380 accepit
658 1248 678 1292 a
701 1223 837 1296 Christo
860 1247 979 1293 nomen
1000 1246 1125 1292 novum
1148 1224 1220 1292 sive
1242 1223 1347 1306 Petri,
1371 1230 1411 1293 ut
1422 1225 1471 1294 sit

257 1318 313 1380 tra
335 1311 435 1381 fortis
458 1318 493 1384 et
515 1313 576 1379 fun
602 1319 770 1384 amentum
792 1311 975 1382 Ecclesiae.
998 1313 1103 1381 Porro
1126 1312 1255 1380 fmstra
1277 1310 1366 1380 idem
1387 1312 1467 1382 Hel·

230 1401 281 1468 ias
302 1399 454 1468 ldeniata
476 1399 604 1489 allegat
625 1405 759 1469 textum
781 1400 815 1470 S.
838 1400 939 1469 Pauli
961 1400 1005 1469 ad
1027 1399 1213 1504 Ephesios:
1249 1399 1467 1490 „Superaedi

217 1487 309 1557 ficati
330 1509 432 1578 super
454 1488 709 1558 tundamentum
730 1488 1006 1579 Apostolorum“,
1042 1511 1073 1558 ss
1095 1487 1182 1556 enim
1204 1487 1364 1578 Apostoli
1387 1494 1469 1558 sunt

216 1575 444 1659 fundamenta,
469 1581 560 1645 certe
582 1577 767 1668 principale
790 1577 1045 1650 fundamentum
1067 1575 1190 1680 Petrus
1213 1584 1275 1658 est,
1288 1576 1468 1680 quiapriu·

216 1663 1469 1844 arealtuthesauriarius..ussisti

215 1847 331 1931 pterea
354 1841 407 1908 illi
429 1841 491 1909 soli
513 1863 633 1910 nomen
665 1843 762 1911 Petri
798 1841 901 1923 dedit,
937 1841 1012 1910 ideo
1046 1841 1149 1910 etiam
1185 1841 1219 1909 S.
1253 1840 1467 1931 Cyprianus:

362 1929 369 1945 .
844 1931 851 1947 .
943 1931 951 1946 .
1123 1930 1130 1945 .
1321 1937 1362 1970 u,
1414 1931 1422 1946 .

216 1928 458 2087 alludit
479 1929 1468 2109 tttititttffttfflltittettttetdt

216 2127 281 2197 qua
301 2106 432 2196 lapidas
454 2106 733 2189 fundamentales,
756 2110 813 2195 qui
834 2107 934 2196 primi
956 2126 976 2174 a
999 2107 1134 2176 Christo
1169 2105 1356 2174 doctrinam
1379 2129 1470 2176 acce·

214 2201 346 2285 perant,
371 2199 407 2262 et
428 2193 491 2262 hoc
512 2216 614 2262 sensu
636 2196 669 2263 S.
693 2194 843 2263 «Ioannes
865 2195 901 2262 in
923 2195 1132 2284 Apocalypsi
1155 2193 1235 2284 Cap.
1258 2193 1355 2262 XXI.
1379 2195 1469 2263 vidit

216 2283 393 2351 coelestem
415 2280 606 2350 Jerusalem
629 2282 804 2352 fundatam
828 2283 1109 2371 superduodecim
1124 2281 1468 2372 fundamenta,supar

215 2371 335 2461 quibus
359 2371 492 2438 nomina
515 2376 613 2439 erant
633 2370 759 2461 scripta
783 2371 956 2440 duodecim
989 2374 1021 2438 A
1047 2369 1239 2452 ostolorum,
1298 2369 1383 2439 riuci
1427 2378 1467 2439 tu

214 2466 326 2528 tamen
348 2458 413 2526 soli
432 2457 535 2527 Petro
557 2465 775 2549 competente,
799 2465 835 2528 et
857 2459 931 2549 ipso
952 2395 1062 2548 lapide
1085 2457 1241 2547 angulari
1290 2481 1350 2527 esu
1400 2459 1468 2528 hri-

205 2555 266 2616 ‘sto
291 2544 462 2616 Ecclesiae
484 2546 679 2634 adsistente,
699 2568 764 2638 quo
787 2569 889 2614 sensu
911 2547 944 2615 S.
969 2549 1184 2635 Augustinus
1205 2546 1242 2614 in
1263 2545 1335 2615 loco
1351 2569 1466 2636 perpe·

214 2657 285 2703 mm
308 2633 472 2718 adhibito,
494 2635 604 2724 ipsum
627 2657 758 2725 quoque
780 2635 919 2703 Petrum
940 2658 1016 2703 cum
1039 2642 1113 2703 tota
1136 2635 1292 2702 terrestri
1314 2635 1467 2704 Ecclesia

216 2722 351 2793 Christo
372 2727 640 2812 superstructum
664 2746 736 2792 esse
760 2724 869 2792 dicere
901 2724 1024 2813 potuit.
1059 2723 1216 2792 Ceterum
1249 2723 1466 2811 Augustinus

212 2831 405 2900 germanam
428 2812 605 2880 verborum
627 2812 755 2881 Christi
778 2811 1091 2901 interpretationem
1103 2832 1170 2877 nou
1183 2809 1354 2897 excludit;
1377 2806 1467 2881 uude

214 2898 427 2968 enarratione
448 2900 484 2967 in
506 2899 677 2968 Psalmum
700 2900 753 2967 69.
776 2900 908 2989 inquit:
938 2900 1092 2983 „Petrus
1138 2897 1196 2988 qui
1240 2900 1341 2987 paulo
1387 2905 1467 2969 ants

213 2988 385 3058 Christum
407 2987 579 3056 confessus
601 2995 677 3056 erat
697 2987 825 3056 Filium
847 2984 927 3070 Dei,
951 2987 1042 3054 etin
1076 2987 1140 3054 illa
1173 2987 1380 3056 confessione
1410 3010 1467 3077 ap-

253 3075 360 3144 llatus
383 3081 457 3143 erat
478 3082 586 3179 petra,
610 3097 712 3165 supra
735 3098 834 3166 quam
856 3076 1077 3144 fabricaretur
1099 3073 1283 3144 Ecclesia.“
1299 3075 1347 3144 Et
1359 3075 1463 3146 Serra.

245 3164 289 3234 V.
313 3163 354 3232 de
377 3162 528 3232 Sanctrs:
553 3165 713 3248 „Petrum
734 3166 850 3253 itaque
871 3164 1126 3232 fundamentum
1149 3163 1322 3233 Ecclesiae
1352 3164 1467 3233 Domi·

212 3275 275 3322 nus
296 3251 516 3320 nominavit.
540 3302 549 3321 .
573 3300 582 3320 .
605 3274 708 3342 supra
731 3252 820 3355 quod
842 3251 1061 3320 ecclesiastici
1084 3251 1232 3319 altitudo
1255 3252 1463 3341 consurgit.“

210 3340 299 3445 ltem
321 3338 456 3444 Psalmo
479 3346 597 3409 contra
617 3341 834 3444 Donatistae:
867 3339 1072 3423 „Numerata
1105 3339 1303 3443 Sacerdotes
1332 3341 1388 3408 vel
1421 3342 1464 3410 ab

209 3428 402 3586 Capi-il
416 3427 567 3605 didit
588 3433 1026 3620 illustratura
1046 3428 1466 3585 ttattttifftltlt

209 3603 463 3696 tes-pretatione,
498 3603 555 3672 vel
586 3604 721 3674 defectu
750 3604 893 3673 notitiae
924 3605 1062 3692 linguae
1095 3603 1265 3694 Syriacae,
1300 3609 1340 3673 ut
1362 3605 1463 3674 multi

209 3693 428 3776 contendunt,
451 3692 508 3762 vel
530 3694 645 3784 potius
667 3694 710 3761 ad
734 3692 944 3762 indicandam
966 3693 1140 3762 firmitatis
1162 3693 1212 3760 ori
1238 3693 1336 3773 inem,
1360 3714 1461 3808 quam

209 3787 408 3852 consecutus
431 3788 485 3852 est
505 3782 639 3864 Petrus,
662 3803 701 3850 eo
724 3782 827 3851 ferme
849 3803 960 3864 sensu,
974 3803 1038 3871 quo
1054 3781 1087 3849 S.
1104 3780 1173 3848 Leo
1223 3781 1461 3869 agnus(herm.

209 3871 240 3938 3.
263 3871 306 3940 de
328 3891 440 3940 msam
464 3875 490 3939 t
514 3870 558 3938 ad
579 3869 721 3958 Pontii.)
744 3892 910 3959 exponens
934 3870 1063 3940 Christi
1085 3869 1188 3938 verba
1211 3907 1255 3920 -
1277 3868 1331 3938 ru
1353 3869 1464 3938 esPe·

208 3967 285 4028 trus
306 3959 422 4027 -sic
494 3956 658 4026 iEilium
680 3958 870 4048 loquentem
895 3958 1026 4028 inducit
1048 3996 1092 4008 -
1114 3957 1197 4028 Cum
1219 3979 1282 4047 ego
1316 3956 1380 4024 sim
1412 3957 1462 4024 in·

209 4046 380 4116 violabilis
401 4052 510 4136 petra,
536 4067 598 4133 ego
621 4047 654 4113 la
678 4046 708 4114 is
731 4045 905 4136 angularis
928 4097 936 4114 .
961 4098 971 4117 .
993 4093 1003 4118 .
1025 4052 1139 4114 umen
1161 4051 1200 4113 tu
1223 4066 1353 4134 quoque
1364 4049 1462 4136 petra

208 4157 254 4218 es,
277 4134 357 4226 quia
378 4155 451 4204 mea
475 4134 604 4203 virtute
627 4069 793 4219 edideris,
817 4140 857 4204 ut
880 4157 964 4226 quae
985 4133 1067 4203 mihi
1084 4138 1261 4238 potestate
1283 4139 1364 4202 sunt
1387 4154 1460 4224 pro·

208 4223 296 4314 pris,
319 4223 390 4292 sint
410 4223 474 4293 tibi
497 4243 625 4292 mecum
647 4225 908 4316 participatione
931 4243 1126 4294 communia.

212 4385 414 4394 ——-—-—-—

286 4444 307 4516 ¹)
325 4443 415 4502 Editio
437 4443 622 4504 vratislaviae
649 4444 728 4502 1752.
