3426 5368
860 411 924 478 336

263 635 298 696 et
321 637 575 713 commoneatur,
599 632 686 722 quod
709 635 798 700 intra
820 631 962 717 triginta
985 631 1027 696 ab
1051 627 1208 700 intimata
1223 629 1284 697 bac
1307 630 1519 698 in’unotione

264 715 334 784 dies
355 739 536 804 gravamen
560 719 600 786 ad
620 719 773 808 judicem,
810 718 852 788 ad
888 740 986 805 quem
1022 715 1202 806 appellatio
1226 655 1406 786 secundum
1430 718 1519 807 juris

263 803 409 871 ordinem
454 806 692 896 interponenda
739 812 800 888 est,
848 806 977 874 deferre
1019 811 1185 872 teneatur.
1231 805 1440 895 supplicatio
1477 803 1519 872 dc

258 891 404 979 longiori
426 899 574 983 tempore
597 895 803 963 concedendo
826 893 998 975 tribunali,
1022 893 1117 981 cujus
1152 897 1320 960 sententia
1342 894 1519 982 impugna·

262 986 329 1061 tur,
352 983 489 1068 proponi
514 983 629 1068 debet;
653 1006 714 1051 uec
736 984 767 1050 ei
799 982 922 1067 absque
952 981 1050 1069 gravi
1083 1002 1183 1067 causa
1216 983 1427 1049 annuendum
1452 989 1517 1049 est.

262 1067 298 1134 Si
320 1090 380 1156 pro
411 1089 521 1136 rerum
566 1070 735 1158 adjunctis
780 1069 1002 1138 necessarium
1033 1069 1089 1150 sit,
1124 1068 1167 1135 ad
1201 1068 1317 1136 Sedom
1354 1069 1517 1137 Sanctam

261 1177 375 1244 preces
398 1155 439 1224 de
462 1157 616 1246 delegato
640 1158 839 1226 nominando
863 1157 1017 1244 dirigere,
1043 1156 1202 1238 tribunal,
1239 1157 1447 1246 quamprium
1474 1156 1517 1226 de

261 1244 486 1312 nominatione
509 1255 644 1338 peracta
667 1245 821 1315 notitiam
847 1269 888 1313 ex
923 1244 1034 1312 officio
1058 1251 1192 1314 neotum
1216 1249 1271 1327 sit,
1296 1246 1516 1312 adactorum

259 1332 547 1401 transmissionem
570 1336 694 1424 absque
717 1334 788 1402 ulla
812 1356 902 1401 mora
925 1333 1093 1422 procedat.
1118 1333 1235 1414 (Instr.
1260 1335 1287 1420 fi.
1314 1333 1402 1422 102.)

555 1509 590 1607 ὅ.
618 1512 682 1594 De
709 1511 862 1622 ordine
889 1511 1217 1593 Instantiarum.

355 1678 549 1768 Appellatio
572 1681 614 1746 ab
636 1680 802 1770 Episcopo
827 1680 987 1748 dioecesis
1005 1681 1049 1747 ad
1061 1679 1311 1769 Metropolitam
1320 1679 1518 1767 provinciae

260 1767 512 1849 ecclesiasticae,
537 1790 556 1833 a
580 1768 797 1857 Metropolita
832 1791 910 1836 voro
946 1767 987 1834 ad
1018 1768 1174 1836 Sanctam
1199 1768 1361 1855 dirigitur
1384 1767 1516 1834 Sedem.

259 1853 352 1920 Idem
375 1857 483 1922 locum
506 1855 616 1937 babet,
652 1857 784 1945 quando
819 1879 872 1924 res
911 1857 1091 1924 secundum
1136 1855 1222 1943 legis
1269 1855 1518 1923 ecclesiasticas

260 1951 407 2010 tenorem
431 1943 478 2010 ad
496 1950 651 2032 quartam,
673 1945 872 2012 instantiam
885 1945 1018 2012 devolvi
1040 1951 1150 2033 potest
1172 1944 1228 2012 vel
1252 1943 1516 2026 debetcausae,

259 2052 341 2116 quas
385 2031 605 2120 Metropolita
627 2032 680 2099 vel
703 2033 890 2121 Episcopus
926 2041 1098 2121 exemptus
1137 2033 1177 2099 in¹
1207 2034 1312 2121 prima
1346 2031 1518 2099 instantia

259 2119 433 2274 iiiimfsti
458 2120 492 2295 i)n
522 2121 666 2188 secunda
700 2143 829 2210 qnoque
863 2143 882 2188 a
912 2121 996 2188 Sada
1019 2120 1218 2209 Apostolica
1262 2119 1441 2209 judicatur.
1467 2121 1515 2207 (ἓ.

325 2255 333 2274 .
378 2230 415 2274 ns
434 2230 460 2274 r.

258 2385 292 2480 ἓ.
322 2384 417 2467 220.
458 2385 611 2468 llIodus
638 2384 904 2489 procedendi
944 2386 992 2467 in
1025 2386 1263 2489 superiori·
1281 2385 1514 2478 instantia,

352 2551 377 2620 J
380 2553 474 2638 adea,
499 2555 614 2643 quiin
638 2555 802 2643 superiori
836 2554 999 2620 instantia
1023 2558 1222 2622 sententiam
1247 2555 1323 2635 iert,
1347 2577 1413 2622 non
1437 2560 1515 2622 tan·

258 2646 329 2708 tum
352 2642 387 2709 in
410 2643 627 2748 inferiopibus
672 2642 846 2710 instantiis
881 2649 977 2728 gesta
1014 2643 1195 2730 diligenter
1240 2644 1416 2728 examinet,
1452 2643 1514 2710 sed

257 2729 357 2796 etiam
376 2730 486 2797 omnia
522 2738 673 2820 peragat,
709 2753 793 2820 quae
828 2731 1016 2797 necessaria
1050 2731 1153 2813 ducit,
1188 2739 1228 2798 ut
1261 2731 1411 2798 deiectus
1434 2753 1515 2818 sup·

256 2818 421 2904 pleantur,
452 2819 554 2886 dubia
600 2819 827 2885 dilucidentur
860 2826 894 2885 et
931 2840 1059 2885 errores
1084 2820 1307 2906 corrigantur.
1351 2819 1513 2886 Huncin

256 2908 354 2972 finem
378 2905 535 2994 conjuges
571 2906 770 2988 examinare,
803 2906 844 2972 de
871 2907 1106 2974 instrumentis
1137 2908 1180 2974 ad
1208 2907 1412 2996 probandum
1437 2929 1515 2995 pro·
1553 2921 1557 2934 ·

257 2992 367 3060 ductis
411 2995 691 3081 investigationes
736 2997 911 3061 instituere
933 3016 972 3060 ac
994 3002 1111 3081 testes,
1147 2996 1309 3081 aquibus
1332 3017 1439 3063 novas
1462 2995 1515 3062 in·

257 3082 472 3150 formationes
495 3089 618 3172 sperat,
654 3083 769 3150 audire
805 3087 926 3171 potest.
974 3083 1210 3171 Experimento
1244 3090 1355 3150 tamen
1380 3105 1440 3171 per
1463 3087 1514 3149 rei

256 3170 382 3258 peritos
405 3171 505 3254 facta,
529 3177 610 3239 tuno
633 3179 766 3238 tantum
804 3173 919 3238 iterari
949 3172 1080 3254 debent,
1105 3171 1236 3256 quando
1260 3169 1394 3238 indiciis
1417 3193 1515 3258 prae·

255 3258 476 3348 sumptionem
499 3283 637 3347 gravem
648 3260 887 3346 generantibus
900 3259 1072 3346 probabile
1095 3259 1266 3341 reddatur,
1280 3267 1339 3326 aut
1363 3281 1513 3326 errorem

255 3353 316 3412 aut
338 3349 485 3436 partium
509 3349 657 3416 studium
679 3349 916 3414 intercessisse.
963 3347 1046 3414 Tam
1080 3353 1193 3437 partes
1228 3370 1327 3437 quam
1350 3347 1514 3414 defensor

256 3437 457 3502 matrimonii
481 3437 534 3523 jus
557 3438 690 3516 habent,
714 3436 748 3502 in
773 3436 933 3522 superiori
968 3436 1134 3506 instantia
1166 3459 1270 3504 novas
1292 3435 1515 3525 probationes

256 3523 425 3590 afferendi.
450 3525 565 3610 (Instr.
590 3527 617 3611 ἓ.
639 3523 712 3589 185.
737 3528 771 3589 et
794 3522 885 3608 186.)

332 3703 368 3797 ἓ.
395 3699 491 3780 221.
520 3699 584 3779 De
610 3697 817 3782 nullitate
840 3701 1084 3783 sententiae
1112 3703 1156 3780 et
1181 3701 1430 3806 procedure

703 3827 841 3908 relate
870 3827 926 3910 ad
954 3839 1059 3910 eam.

352 3970 525 4039 Sententia
548 3970 639 4037 nulla
662 3977 723 4053 est,
752 3977 778 4040 si
803 3995 823 4039 a
848 3972 960 4059 judice
1000 3973 1089 4040 haud
1126 3977 1334 4062 competente
1357 3971 1427 4036 lata
1453 3971 1511 4040 vel

255 4064 350 4127 actus
388 4058 506 4148 judicii
551 4060 740 4127 essentialis
762 4067 824 4128 aut
845 4083 982 4149 prorsus
1019 4062 1169 4143 omissus,
1205 4066 1265 4150 aut
1289 4061 1367 4149 quin
1393 4061 1513 4126 matri-

255 4146 358 4215 monii
382 4147 536 4214 defensor
570 4147 794 4229 adhiberetur,
840 4151 1018 4220 institutus
1051 4149 1164 4217 fuerit.
1210 4149 1376 4218 Attamen
1412 4148 1515 4216 valor

255 4235 438 4303 sententiae
472 4258 492 4302 a
523 4235 633 4322 judica
679 4240 847 4326 superiore
886 4239 974 4304 latae
1006 4237 1090 4319 ideo,
1136 4236 1225 4323 quod
1257 4235 1514 4327 inquisitionem

254 4324 449 4391 ulteriorem
472 4324 593 4392 habere
616 4325 837 4392 necessarium
862 4325 951 4392 haud
974 4326 1117 4408 duxerit,
1142 4325 1201 4393 sed
1224 4325 1404 4394 secuudum
1428 4323 1514 4390 alle·

254 4417 335 4494 gata
357 4433 489 4484 causam
512 4412 683 4494 deciderit,
707 4413 896 4501 impugnari
921 4415 1054 4482 minime
1082 4419 1204 4502 potest.
1222 4415 1338 4500 (Instr.
1363 4414 1390 4498 ἕ.
1417 4411 1514 4498 187.)

254 4499 435 4590 Nullitatis
458 4501 546 4568 actio
569 4501 660 4569 intra
683 4507 815 4590 tempus
860 4502 1140 4590 appellationibus
1180 4501 1363 4590 praefixum
1396 4521 1512 4566 coram

251 4588 363 4676 judice
385 4589 533 4678 proxime
555 4590 717 4678 superiori
739 4591 948 4658 instituenda
979 4597 1031 4660 est
1068 4612 1212 4675 quamve
1235 4589 1395 4677 conjuges
1418 4609 1513 4655 orroe-

254 4677 401 4764 ptionem
445 4677 723 4767 incompetentiae
746 4680 836 4744 intra
871 4678 981 4750 decem
1004 4702 1023 4746 a
1048 4680 1208 4747 citatione
1253 4679 1411 4744 intimata
1434 4675 1511 4743 dies

254 4785 436 4856 proponere
482 4766 634 4847 debeant,
658 4770 702 4852 (ξ.
728 4766 818 4858 103.)
852 4766 928 4854 jure
962 4767 1158 4836 exciderunt
1202 4766 1397 4835 sententiae
1416 4763 1512 4834 latae
