3420 5358
290 567 444 655 conjugia
467 576 546 636 sunt
570 569 633 636 Dei
657 569 831 636 voluntate
866 577 899 638 et
930 571 1162 658 conjunctione
1183 569 1280 651 inita,
1305 593 1389 655 quae
1411 573 1533 658 probat

289 655 449 737 Ecclesia,
473 657 568 745 cujus
591 663 644 724 est
667 657 873 725 conditiones
907 657 1004 745 digne
1039 664 1074 725 et
1107 657 1219 728 valide
1252 656 1454 745 suscipiendi
1477 657 1535 726 Sa·

289 745 449 810 oramenti
473 743 625 832 defigere.
650 745 811 828 Quamvis
834 749 944 812 autem
972 746 1126 834 conjugia
1148 768 1168 813 a
1191 745 1370 812 Sacerdote
1393 768 1458 813 non
1481 746 1535 813 be-

289 831 428 914 nedicta,
451 855 515 899 non
540 839 712 900 contracta
735 832 894 900 videlicet
916 855 1024 900 coram
1062 833 1211 901 Parocho
1235 855 1273 901 ac
1296 835 1442 902 testibus
1465 835 1535 899 sint

288 939 424 1006 prorsus
446 921 624 1008 prohibita,
648 920 800 1006 grav1ter
822 922 1049 1009 peccaminosa
1072 928 1108 988 at
1132 945 1173 989 ue
1196 921 1325 1002 illicita,
1349 927 1461 988 tamen
1476 923 1535 988 ubi

287 1029 354 1072 non
378 1009 471 1094 viget
491 1007 630 1077 Concilii
655 1009 845 1076 Tridentini
868 1009 1046 1077 Decretum
1087 945 1278 1092 ,llametsi‘
1298 1021 1391 1094 (cess.
1417 1010 1470 1076 24.
1494 1010 1535 1078 de

287 1095 419 1162 reform.
444 1097 600 1182 matrim.)
625 1097 812 1182 hujusmodi
840 1099 1059 1180 matrimonia,
1089 1121 1174 1187 quaa
1196 1096 1300 1184 vulgo
1323 1097 1533 1166 clandestina

288 1181 454 1266 dicuntur,
479 1183 575 1272 juxta
598 1185 768 1252 Ecclesiae
792 1185 1048 1254 declarationem
1087 1185 1199 1254 valida
1222 1185 1349 1254 censeri
1373 1185 1535 1268 debent.¹)

287 1385 323 1479 ἓ.
350 1383 417 1465 88.
444 1385 508 1464 De
534 1385 747 1484 Ministro,
774 1385 969 1490 Materia,
1006 1388 1050 1466 et
1075 1386 1232 1468 Forma
1260 1383 1533 1468 Sacramenti

655 1511 665 1605 ζ
775 1509 1053 1594 Matrimonii.

383 1654 576 1722 Ministrum
599 1653 803 1723 Sacramenti
835 1657 1039 1724 Matrimonii
1060 1656 1160 1744 prout
1191 1658 1395 1745 reliquorum
1418 1655 1535 1724 Sacra-

287 1747 483 1823 mentorum,
508 1742 697 1810 Orientales
719 1743 932 1812 Sacerdotem
956 1767 1027 1812 esse
1059 1749 1186 1826 tenent,
1210 1768 1308 1831 quarn
1330 1743 1535 1810 sententiam

287 1828 504 1896 eruditissimi
528 1853 656 1919 quoque
678 1831 839 1920 Theologi
854 1832 968 1900 Latini
984 1839 1248 1921 propugnarunt,
1272 1833 1368 1920 juxta
1392 1853 1535 1920 quorum

286 1919 488 1984 sententiam
534 1919 674 1986 materia
707 1919 808 2005 hujus
854 1921 1060 1988 Sacramenti
1083 1927 1135 1988 est
1158 1943 1338 1988 consensus
1384 1924 1530 2000 mutuus,

286 2003 408 2072 Forma
430 2029 509 2073 vero
532 2028 645 2096 preces
668 2030 727 2094 per
749 2007 960 2076 Sacerdotem
984 2031 1049 2097 qua
1072 2008 1264 2076 Ministrum
1308 2007 1473 2096 prolatae,
1496 2007 1534 2074 in

287 2093 395 2181 specie
439 2097 595 2182 precatio,
641 2117 739 2183 quam
774 2095 917 2166 Goarius
954 2116 1030 2186 pag.
1054 2097 1129 2164 317.
1153 2119 1194 2164 ex
1217 2097 1344 2164 Graeco
1389 2097 1534 2183 genuine

287 2204 415 2248 versam
441 2183 486 2249 sit
510 2183 661 2249 exhibet:
690 2184 799 2264 ,Deus
837 2190 961 2266 sancte,
997 2185 1054 2273 qui
1076 2207 1095 2251 e
1117 2186 1255 2274 pulvere
1278 2184 1445 2254 hominem
1468 2183 1534 2250 ior·
1565 2233 1573 2248 .

286 2271 396 2349 masti,
421 2279 455 2337 et
480 2272 614 2360 exejus
638 2281 730 2338 costa
768 2273 937 2340 mulierem
985 2273 1180 2354 aedificasti,
1205 2273 1363 2362 copulans
1387 2270 1533 2339 camilli

287 2364 326 2423 ut
349 2358 553 2446 adjutorium
598 2359 706 2426 simile
729 2361 804 2449 ipsi,
828 2362 905 2446 quia
943 2361 992 2428 sic
1015 2361 1238 2448 magnitudini
1281 2377 1361 2428 tuae
1394 2359 1532 2447 placuit,

287 2469 352 2513 non
374 2470 447 2514 esse
470 2447 634 2515 hominem
679 2449 785 2515 solum
831 2471 930 2538 super
975 2455 1116 2516 terram:
1164 2450 1234 2538 ipse
1258 2471 1345 2515 nunc
1379 2447 1531 2528 Domine,

287 2536 401 2601 emitte
424 2559 555 2602 manum
580 2544 672 2603 tuam
695 2536 735 2602 de
758 2549 871 2605 sancto
893 2537 1084 2604 habitaculo
1099 2545 1167 2619 tuo,
1181 2545 1216 2604 et
1233 2537 1386 2606 consocia
1399 2558 1533 2603 servum

285 2629 381 2688 tuum
404 2623 446 2690 N.
471 2631 505 2690 et
528 2625 681 2690 ancillam
704 2631 797 2692 tuam
820 2626 861 2693 N.
887 2625 964 2714 quia
987 2649 1007 2690 a
1029 2632 1065 2692 te
1098 2626 1170 2692 viro
1202 2631 1379 2714 coaptatur
1401 2624 1532 2691 mulier.

286 2710 413 2800 Copula
435 2712 516 2796 illos
535 2713 684 2778 unanimi
730 2736 908 2781 consensu:
955 2736 1075 2780 corona
1097 2712 1175 2781 illos
1207 2716 1241 2780 in
1267 2735 1397 2780 carnem
1420 2735 1531 2792 unam,

285 2801 394 2866 tribue
417 2799 486 2865 illis
510 2801 655 2868 fructum
679 2802 819 2882 ventris,
843 2803 947 2890 prolis
979 2801 1201 2869 fruitionem‘
1236 2802 1311 2870 Non
1336 2801 1460 2867 desunt
1483 2805 1532 2867 ta·

285 2909 359 2953 men
382 2887 484 2954 etiam
518 2887 608 2954 inter
641 2889 837 2970 Orientales,
873 2889 930 2978 qui
967 2889 1057 2977 ipsos
1092 2890 1327 2957 contrahentes
1357 2889 1532 2956 Ministroa

285 2997 357 3041 esse
379 2976 585 3043 Matrimonii
630 2984 756 3058 tenent,
782 2985 882 3066 atque
901 2976 1002 3065 juxta
1035 2977 1095 3044 hos
1125 2979 1268 3046 Materia
1291 2976 1393 3064 hujus
1416 2976 1532 3045 Sacra-

286 3063 388 3130 menti
413 3069 465 3130 est
488 3087 667 3132 consensus
691 3065 868 3154 conjugum
893 3073 1037 3145 mutuus,
1063 3067 1169 3133 torma
1192 3089 1280 3148 vero,
1295 3065 1532 3152 verbaquibus

285 3174 478 3219 consensum
502 3175 598 3219 suum
621 3160 772 3220 mutuum
795 3157 829 3221 in
851 3154 1101 3222 Matrimonium
1131 3155 1171 3221 de
1205 3153 1373 3243 praesenti
1421 3152 1530 3219 decla·

283 3246 370 3307 rant.
394 3241 460 3307 Pro
479 3265 543 3330 qua
567 3265 627 3309 sua
650 3242 818 3309 sententia
840 3246 1014 3331 proterunt
1038 3251 1255 3329 argumenta:
1279 3240 1454 3326 Eugenius
1470 3239 1532 3308 IV.

284 3331 316 3392 in
340 3329 482 3396 Decreto
504 3353 565 3420 pro
588 3331 809 3397 instructione
832 3335 1054 3398 Armenorum
1086 3337 1163 3419 post
1186 3331 1370 3399 Concilium
1394 3329 1532 3394 Floren-

282 3417 390 3482 tinum
414 3417 505 3484 edito
530 3419 748 3486 enunciavit:
784 3419 925 3486 Causam
972 3419 1171 3486 efficientem
1206 3417 1413 3485 Matrimonii
1459 3439 1531 3482 esse

283 3512 434 3572 mutuum
458 3507 725 3574 contrahentium
771 3528 963 3574 consensum
994 3529 1053 3594 per
1088 3508 1189 3585 verba
1223 3507 1262 3573 de
1285 3505 1454 3594 praesenti
1479 3526 1532 3570 ex·

281 3615 453 3746 ppessum
477 3594 564 3662 unde
587 3594 789 3663 concludunt
812 3618 1004 3662 consensum
1028 3595 1136 3684 ipsum
1168 3593 1436 3663 contrahentium
1460 3614 1532 3658 esse

318 3684 467 3763 ateriam,
492 3683 631 3750 formam
655 3706 735 3750 vero
770 3683 1029 3751 declarationem
1067 3706 1245 3751 consensus
1281 3703 1339 3767 per
1363 3683 1466 3748 verba
1490 3679 1531 3746 de

305 3771 450 3838 raesenti
473 3771 615 3838 factam:
640 3772 713 3858 Ego
737 3795 878 3859 sponsus
910 3779 1045 3860 accepto
1080 3794 1234 3860 sponsam
1257 3770 1300 3837 N.
1324 3769 1358 3835 in
1383 3790 1529 3836 uxorem.

281 3793 354 4013 {gp
399 3882 519 4016 sponsa
565 3869 698 3947 accepto
731 3883 888 3948 sponsum
922 3860 964 3927 N.
997 3861 1032 3924 in
1056 3861 1224 3927 Maritum.
1263 3857 1326 3928 Cui
1350 3857 1532 3924 concordat

309 3969 392 4014 oex

281 4055 396 4102 sensus
420 4036 503 4103 lacit
517 4041 542 4124 ²)
567 4037 651 4116 hinc,
676 4035 833 4102 Minister
876 4036 1083 4102 Matrimonii
1108 4038 1164 4102 ille
1188 4043 1249 4116 est,
1274 4037 1330 4120 qui
1353 4034 1438 4100 facit
1460 4033 1530 4098 Ma·

280 4123 483 4204 timonium,
508 4147 566 4191 seu
589 4125 824 4192 contrahentes
860 4146 921 4212 per
943 4146 1139 4191 consensum
1186 4133 1337 4190 mutuum
1383 4121 1528 4188 invicem

279 4213 480 4296 praestitum
504 4222 537 4278 et
560 4213 684 4292 verbis,
709 4213 780 4278 sive
798 4213 904 4278 forma
929 4213 1152 4279 enunciatum.
1176 4212 1230 4279 Ex
1249 4233 1285 4300 eo
1299 4217 1422 4291 autem,
1440 4209 1530 4297 quod

279 4299 486 4386 Euchologia
520 4299 690 4369 Ecclesiae
735 4300 882 4370 Graecae
905 4308 1006 4388 prout
1041 4308 1075 4367 et
1105 4300 1248 4367 Latinae
1270 4303 1372 4365 ritum
1397 4320 1529 4364 sacrum

237 4449 245 4466 ,
279 4387 487 4454 Matrimonii
510 4391 699 4470 exhibeant,
739 4397 838 4478 atque
894 4390 1022 4469 exinde,
1062 4389 1150 4475 quod
1174 4388 1216 4456 ad
1241 4389 1387 4454 valorem
1410 4385 1531 4452 Matri·

449 3970 563 4014 raecus
587 3951 641 4032 qui
666 3946 769 4013 dicit:
794 3948 940 4037 Nuptias
978 3949 1231 4015 matrimonialis
1253 3947 1432 4033 conjugum
1457 3968 1531 4012 con-

354 4569 375 4635 ¹)
395 4565 495 4622 Consul
514 4567 615 4622 Bened.
634 4565 703 4622 XIV.
732 4567 767 4622 de
795 4566 822 4620 S.
842 4565 872 4621 D.
900 4566 946 4622 lib.
974 4565 1000 4634 8,
1021 4564 1048 4621 G.
1076 4563 1119 4619 12.
1149 4568 1177 4620 et
1204 4562 1351 4620 Instructio
1374 4563 1410 4619 de
1429 4577 1530 4634 propa·

278 4639 369 4708 ganda
386 4638 442 4693 lide
462 4639 604 4710 Episcopis
623 4639 784 4710 provinciae
813 4637 1030 4694 Alba-Juliensis
1051 4635 1129 4692 1858.

352 4711 373 4781 ²)
391 4711 487 4766 Matth.
506 4712 592 4766 Elast.
613 4711 677 4783 Cap.
702 4709 727 4766 1.
746 4711 797 4766 Lit.
826 4710 858 4766 G.
