3420 5358
852 366 916 430 aar

263 607 340 652 nam
362 588 396 650 in
418 585 691 669 Sacramentario,
715 588 803 677 quod
826 588 989 674 Gregorio
1012 587 1135 673 Magno
1159 584 1382 672 adjudicatur,
1407 584 1508 650 habe

178 681 182 688 “
263 680 336 739 tur:
365 695 447 754 ,non
496 673 667 742 rohibetur
689 677 836 743 infantes
859 676 979 743 lactari
1003 682 1080 741 ante
1103 696 1230 740 sacram
1242 673 1508 739 communionem

263 761 293 828 si
316 783 446 828 necesse
469 697 635 851 lueriw)
663 763 760 846 Quod
784 764 813 830 si
836 773 947 830 tamen
971 787 1034 831 non
1059 765 1213 829 obstante
1237 768 1299 828 hac
1332 760 1509 827 Ecclesiae

263 849 435 916 orientalis
459 851 704 933 consuetudine,
729 852 1019 920 confirmationem
1050 851 1092 916 ad
1117 850 1294 916 essentiam
1342 847 1511 935 Baptismi

262 940 438 1024 pertinere,
462 948 521 1003 aut
543 937 791 1006 Eucharistiam
815 939 1035 1006 necessariam
1059 960 1130 1004 esse
1153 935 1303 1025 parvulis
1348 936 1391 1002 ad
1425 942 1512 1001 salu-

263 1035 340 1106 tem,
366 1025 470 1178 despue
491 1025 566 1112 jure
590 1026 704 1093 divino
727 1029 794 1094 tria
818 1028 897 1094 haec
919 1027 1135 1094 Sacramenta
1170 1023 1400 1112 conjungenda
1424 1045 1509 1104 esse,

264 1113 410 1201 aliquia
435 1119 613 1195 struerent,
639 1115 814 1183 manifesta
837 1117 872 1182 in
908 1114 1038 1182 haeresi
1085 1120 1308 1179 versarentur.
1355 1112 1512 1196 Namque

264 1201 414 1289 quamvis
437 1201 516 1268 laici
538 1207 633 1268 extre
657 1226 769 1270 casum
789 1203 1010 1282 necessitatis,
1035 1225 1074 1269 ac
1097 1201 1235 1267 Diaconi
1260 1205 1394 1288 praeter
1428 1199 1511 1287 Epi·

264 1289 354 1376 scopi
376 1288 430 1355 vel
454 1288 642 1356 Sacerdotis
666 1290 833 1358 licentiam
858 1296 1099 1358 sacramentum
1129 1289 1295 1377 Baptismi
1319 1289 1412 1354 licite
1436 1309 1512 1353 con·

264 1377 351 1460 ferre
374 1384 550 1464 nequeant,
575 1385 685 1446 tamen
710 1379 861 1445 Ecclesia
884 1398 1013 1466 semper
1035 1377 1184 1466 professa
1208 1382 1260 1442 est
1284 1399 1349 1456 eos,
1373 1376 1431 1460 qni
1453 1375 1510 1441 vel

264 1487 283 1530 a
305 1464 427 1544 Laicis,
451 1465 504 1530 vel
528 1488 548 1530 a
570 1465 716 1532 Diacono
736 1468 836 1554 juxta
862 1466 1104 1554 praescriptum
1127 1465 1293 1533 Cononem
1339 1462 1513 1531 Ecclesiae

264 1559 299 1618 et
321 1552 522 1619 Tertulliani
546 1553 739 1634 doctrinam,
764 1556 820 1640 qui
845 1555 943 1621 dicit:
973 1554 1156 1642 ,Baptismi
1179 1552 1334 1618 Minister
1357 1559 1409 1618 est
1431 1550 1513 1638 Epi-

264 1662 389 1727 scopus,
414 1640 468 1706 vel
493 1639 532 1705 de
558 1640 691 1708 licentia
714 1641 871 1730 Episcopi
893 1643 1077 1728 Presbyter
1100 1642 1151 1706 vel
1197 1640 1397 1720 Diaconos,l
1444 1639 1513 1704 rite

263 1728 428 1815 baptizati
451 1737 539 1808 sunt,
567 1751 681 1794 verum
703 1736 946 1797 sacramentnm
969 1728 1233 1817 regenerationis
1256 1727 1433 1816 suscipere,
1454 1725 1513 1791 fie-

263 1816 357 1903 rique
379 1820 533 1882 aeternae
555 1816 684 1902 gloriae
706 1841 842 1905 capaces
866 1827 900 1885 et
924 1817 1090 1898 haeredes,
1115 1817 1246 1883 etiamsi
1265 1822 1512 1882 sacramentum

263 1903 542 1984 Confirmationis,
566 1904 654 1992 quod
676 1891 819 1973 Diaconi
838 1906 1071 1972 administrare
1095 1927 1160 1970 non
1183 1909 1334 1992 possunt,
1372 1925 1439 1968 non
1462 1924 1513 1967 re·

264 1991 439 2079 cepissent.
462 1991 516 2057 Ex
538 1993 658 2079 quibus
681 1999 785 2079 patet,
810 1994 897 2079 quod
920 2000 1020 2082 prout
1042 1992 1159 2059 Latini
1181 2015 1246 2058 non
1268 1992 1513 2076 debentrepre·

264 2079 408 2145 bendere
453 2079 642 2147 Orientales
687 2088 824 2169 propter
868 2083 1035 2169 propriam
1090 2081 1322 2168 disciplinam,
1369 2085 1417 2144 ita
1463 2079 1513 2143 vi-

265 2167 375 2233 cissim
399 2166 588 2234 Orientales
633 2191 698 2234 non
723 2170 845 2236 debent
867 2193 1008 2256 arguere
1051 2168 1217 2236 Latinos:
1264 2169 1388 2234 habent
1433 2187 1514 2234 suae

265 2255 513 2322 consuetudinis
536 2255 671 2322 idoneas
695 2280 811 2324 causas
834 2257 970 2326 Graeci:
995 2257 1119 2322 habent
1142 2267 1176 2321 et
1199 2255 1331 2340 quidem
1377 2252 1514 2320 validis-

264 2346 363 2409 simas
386 2342 529 2432 Latini2)
553 2366 634 2429 quos
658 2351 691 2410 et
715 2345 836 2413 Graeci
859 2346 984 2412 imitati
1007 2351 1096 2426 sunt,
1135 2344 1260 2410 nostris
1305 2342 1514 2431 temporibus

264 2431 510 2498 Eucharistiam
532 2432 681 2520 parvulis
705 2431 887 2522 baptizatis
909 2434 943 2510 in
968 2432 1118 2519 pluribus
1142 2427 1325 2497 ditionibus
1353 2453 1418 2496 non
1443 2453 1512 2494 am·

264 2519 352 2607 plius
374 2519 658 2586 administrantes.
682 2519 771 2586 Usus
796 2522 881 2589 enim
906 2520 1128 2607 conjungendi
1163 2520 1243 2586 haec
1289 2522 1354 2585 tria
1400 2537 1512 2586 sacra·

258 2614 376 2673 menta
399 2629 440 2672 ex
463 2629 500 2673 eo
524 2615 618 2675 ortus
641 2616 702 2689 est,
727 2611 814 2694 quod
836 2611 982 2697 antiquis
1005 2608 1218 2696 temporibus,
1241 2608 1276 2672 in
1299 2607 1420 2695 quibus
1440 2614 1511 2673 sta·

264 2696 312 2760 tis
335 2695 461 2775 diebus,
484 2695 537 2761 uti
560 2695 594 2761 in
618 2697 792 2779 Paschate‚
816 2699 1023 2779 Pentecoste,
1048 2696 1289 2784 etEpipbania
1314 2694 1371 2780 qui
1394 2695 1515 2760 solem·

266 2783 301 2847 ni
322 2783 506 2870 xBaprismo
551 2784 776 2852 initiabantur
798 2786 991 2872 plerumque
1014 2785 1123 2850 adulti
1147 2790 1253 2862 erant,
1300 2783 1420 2870 quibus
1444 2783 1515 2849 tria

266 2876 470 2936 sacramenta
495 2872 680 2938 successive
703 2873 816 2939 eodem
841 2874 894 2939 die
918 2873 1189 2954 conferebantur3
1214 2871 1429 2937 indel'actum
1448 2877 1513 2953 est,

265 2963 305 3024 ut
329 2959 366 3023 in
387 2957 602 3044 Euchologiis
624 2962 658 3025 in
682 2960 791 3027 officio
815 2966 1105 3038 sacramentorum,
1129 2960 1210 3025 haec
1226 2959 1289 3023 tria
1303 2965 1516 3025 sacramenta

267 3046 442 3132 conjuncta
465 3053 675 3133 ponerentur.
699 3048 749 3113 At
772 3048 922 3116 Ecclesia
932 3047 1153 3128 Latina,dum
1162 3047 1233 3113 sine
1245 3046 1393 3112 fidelium
1415 3069 1510 3112 scan-

267 3133 341 3199 dalo
365 3142 400 3199 et
423 3135 648 3216 commotione,
674 3135 848 3225 disciplina
872 3137 994 3202 mutari
1017 3136 1137 3224 potuit,
1168 3137 1276 3200 satius
1300 3134 1397 3200 duxit
1442 3135 1516 3200 tria

267 3223 346 3288 haec
369 3220 583 3289 Sacramenta
605 3225 787 3310 sejungere,
814 3248 851 3292 ae
875 3225 1164 3293 Confirmationem
1188 3228 1269 3288 tunc
1285 3229 1421 3294 tantum
1435 3244 1516 3288 con-

267 3310 363 3390 ferre,
388 3332 461 3375 cum
483 3310 632 3378 homines
655 3311 697 3378 ad
720 3313 861 3379 rationis
883 3336 977 3379 usum
1002 3310 1235 3400 pervenerint;
1259 3308 1514 3376 Eucharistiam

267 3407 378 3464 autem
401 3407 482 3465 tuno
505 3407 645 3479 tantum,
670 3423 742 3466 oum
766 3403 912 3468 homines
936 3400 1141 3486 distinguere
1163 3399 1516 3486 potuerintinterspi-

266 3487 420 3639 ritupllem
443 3495 477 3553 et
500 3489 704 3554 materialem
724 3492 840 3571 cibum,
866 3497 967 3578 atque
991 3488 1078 3553 tanti
1103 3487 1302 3553 sacramenti
1327 3485 1515 3553 efficaciam

266 3574 336 3640 inte
366 3577 464 3660 igere.

292 3778 327 3871 ξ.
356 3773 422 3854 64.
450 3773 692 3878 Disciplina
718 3777 937 3859 Ecclesiae
977 3774 1215 3857 Orientalis
1243 3776 1387 3878 quoad
1414 3775 1486 3858 Sa·

555 3927 822 4006 aramentum
850 3924 1213 4007 confirmationis

364 4069 544 4136 Orientalis
567 4070 718 4138 Ecclesia
743 4071 923 4137 confitetur
945 4071 1233 4138 Confirmationem
1279 4093 1352 4137 esse
1383 4065 1516 4138 'Sacra-

268 4163 413 4224 mentum
436 4181 456 4224 a
478 4159 650 4246 Baptismo
674 4155 849 4239 diversum,
873 4181 937 4246 quo
960 4158 1107 4246 Spiritus
1130 4158 1237 4244 sancti
1262 4159 1418 4239 robur,et
1443 4158 1515 4224 for·

268 4245 378 4313 titudo
401 4247 581 4335 baptizatis
605 4247 782 4326 confertur,
807 4253 845 4312 ut
868 4247 1084 4312 christianam
1097 4247 1194 4313 fidem
1208 4246 1351 4313 firmiter
1361 4257 1515 4329 teneant,

268 4356 402 4422 eamque
424 4336 533 4402 animo
557 4337 680 4403 invicto
704 4335 934 4423 profiteantur.
982 4335 1188 4423 Quamquam
1211 4343 1324 4401 autem
1347 4335 1515 4424 Apostoli

264 4445 422 4500 ,manuum
447 4423 657 4511 impositione
680 4424 928 4504 confirmarunt,
952 4425 1108 4490 Actorum
1132 4422 1210 4510 Cap.
1234 4421 1264 4488 8.
1290 4423 1378 4490 sicut
1401 4429 1439 4489 et
1461 4445 1518 4491 eo·

343 4669 361 4739 ¹)
380 4669 499 4728 Antoine
517 4669 552 4724 de
570 4669 691 4724 Sacram.
712 4668 847 4738 Baptismi
872 4682 933 4749 pag.
954 4665 1015 4720 106.

342 4742 361 4814 ²)
383 4741 484 4798 Consul
504 4742 604 4797 Rened.
624 4739 692 4795 XIV.
714 4742 748 4795 do
768 4741 869 4812 Synod.
890 4740 936 4794 ub.
956 4740 980 4793 7.
1004 4737 1068 4810 Cap.
1088 4737 1121 4792 X.
