3426 5368
780 357 843 424 ³51

184 574 287 641 chiam
311 573 465 659 Dorniug
487 579 671 660 spectante.
695 576 800 642 Pater
823 597 914 642 meus
936 574 1114 662 Philippus
1137 574 1264 660 Berger
1291 573 1353 640 'em
1377 573 1432 640 de·

182 661 325 729 functus.
350 660 480 749 Gonjux
503 683 595 728 meus
618 661 819 732 Franciscne
842 663 939 730 Eller
961 668 1013 728 est
1037 660 1221 728 catholicae
1232 661 1283 728 Re
1299 661 1431 747 igionis,

182 748 232 814 29.
257 771 418 816 annorum
442 749 542 830 lanio,
567 756 601 816 et
624 773 796 838 possessor
819 751 994 818 diversorii
1017 750 1052 815 in
1077 747 1201 815 Althot
1221 747 1302 816 Nro.
1327 749 1356 814 3.
1370 749 1434 814 Pa·

181 836 292 903 rochia
314 836 524 904 Ebentheim.
549 837 801 905 Matrimonium
824 841 1049 906 contraximus
1073 837 1129 902 3-a
1152 837 1240 922 Aug.
1279 836 1373 902 1847.
1399 836 1430 900 6.

181 922 330 1012 prolibus
353 925 573 1006 benedictum,
599 948 641 992 ex
664 928 784 1011 quibus
808 935 877 993 tres
901 928 934 993 in
959 926 1032 992 vita
1055 931 1135 990 sunt
1158 945 1274 1012 nempe
1290 925 1318 989 1.
1341 923 1434 989 Hen-

180 1015 267 1092 ricus
291 1013 322 1079 8.
346 1033 509 1079 annorum
533 1020 595 1080 etc.
619 1014 742 1082 Relate
766 1014 809 1081 ad
831 1019 998 1082 tentatam
1021 1019 1170 1078 nostram
1192 1010 1431 1080 reconciliatio·

180 1123 253 1168 nem
277 1100 415 1168 exhibeo
440 1101 668 1168 testimonium
692 1103 881 1188 parochiale
905 1103 944 1168 de
969 1100 1320 1182 13-ahujusmensis.

276 1188 319 1254 In
342 1188 510 1277 sequelam
533 1189 625 1255 irriti
650 1191 844 1256 tentaminis
861 1189 1089 1280 pacificatorii,
1112 1209 1301 1275 processum
1324 1184 1432 1254 estad

180 1276 434 1364 protocollarem
457 1277 718 1364 assumptionem
742 1278 897 1364 querelae
920 1278 991 1343 sive
1013 1275 1118 1342 libelli
1138 1275 1323 1343 sationalis.
1348 1273 1433 1340 Post

181 1363 301 1431 seriam
325 1363 537 1432 reflexionem
560 1365 603 1432 ad
616 1365 779 1433 sinceram
792 1366 1058 1434 enunciationem
1068 1365 1224 1452 proponit
1234 1362 1408 1451 sequentia
1423 1385 1429 1428 :

274 1451 329 1536 (In
352 1452 459 1519 fracto
483 1453 718 1539 scribendum.)
743 1457 777 1539 a)
801 1453 881 1520 dam
907 1455 1110 1541 primoanno
1134 1454 1241 1519 nostri
1266 1452 1431 1516 matrimo-

182 1537 225 1604 nii
250 1562 325 1606 cum
348 1540 513 1629 profundo
542 1564 690 1608 moerore
714 1543 901 1626 observavi,
925 1540 1013 1629 quod
1047 1539 1169 1626 conjux
1208 1561 1299 1606 meus
1335 1561 1433 1625 appa·

179 1632 293 1694 renter
315 1627 514 1695 familiarem
538 1630 795 1696 correlationem
819 1629 933 1696 foveat
957 1651 1030 1694 cum
1053 1628 1156 1695 vidua
1179 1628 1346 1715 Perpetua
1369 1627 1433 1691 Na·

180 1714 272 1796 than,
297 1715 537 1784 manufactrice
563 1721 596 1782 in
619 1717 748 1784 Althof
768 1717 849 1784 Nro.
877 1717 905 1785 7.
930 1739 1069 1804 quacum
1093 1717 1160 1797 ille,
1175 1727 1275 1803 prout
1288 1716 1432 1802 primum

179 1811 255 1890 post
278 1809 487 1871 contractum
510 1805 758 1872 matrimonium
783 1812 921 1893 experta
945 1827 1027 1883 sum,
1051 1803 1160 1871 adhuc
1176 1806 1309 1870 vivente
1323 1803 1432 1868 dictae

180 1890 299 1957 viduae
322 1895 441 1958 marito
465 1893 1007 1960 adulterinamconversationem
1053 1892 1182 1972 habuit,
1231 1897 1432 1978 eatenusque

174 1976 383 2066 judicialiter
405 2003 533 2065 quoque
558 1988 745 2048 conventus
770 1987 865 2064 erat,
891 1983 922 2065 b)
946 1979 1002 2046 Ad
1028 2001 1116 2046 meas
1139 1979 1224 2046 bona
1238 1979 1433 2046 modalitate

176 2071 364 2155 propositas
386 2091 500 2157 preces
523 2078 559 2136 et
581 2069 911 2159 repraesentationes
935 2066 1114 2133 videbatur
1137 2067 1266 2155 quidem
1305 2079 1431 2134 omnem

177 2155 398 2243 suspicionem
421 2157 626 2224 excitantem
650 2163 856 2224 conventum
881 2155 1019 2236 evitare,
1067 2158 1097 2222 in
1144 2156 1273 2222 occulto
1319 2162 1432 2222 tamen

176 2247 437 2329 peccaminosum
460 2249 661 2312 consortium
685 2269 757 2313 cum
783 2267 824 2310 ea
848 2243 1079 2325 continuabat,
1104 2249 1166 2310 etc.
1191 2244 1222 2333 c)
1255 2245 1335 2313 Cum
1370 2265 1432 2330 ego

176 2331 260 2396 nihl
280 2333 429 2400 ominans
453 2341 609 2399 externae
633 2334 904 2399 manifestationi
929 2331 1089 2398 honestae
1116 2337 1175 2398 mei
1199 2333 1309 2399 mariti
1332 2332 1432 2398 conli-

176 2419 291 2501 derim,
315 2427 411 2488 tanto
436 2421 619 2487 dolorosior
643 2422 723 2487 mihi
748 2423 899 2489 accidere
934 2420 1051 2488 debuit
1083 2421 1243 2510 deceptio,
1289 2422 1365 2487 dum
1389 2421 1432 2485 ad
1511 2415 1517 2425 ’

175 2508 332 2575 notitiam
355 2511 501 2597 perveni,
526 2509 615 2594 quod
638 2509 727 2574 idem
753 2532 846 2576 meus
871 2513 1012 2576 maritus
1035 2509 1163 2596 pluries
1197 2512 1232 2576 iu
1254 2509 1433 2576 itineribus

173 2595 317 2684 plurium
341 2597 467 2665 dierum
491 2601 703 2684 negotiorum
729 2619 832 2664 causa
856 2600 1031 2688 susceptis,
1057 2598 1190 2665 itineris
1228 2600 1348 2665 sociam
1385 2597 1432 2661 di-

173 2691 262 2750 ctam
286 2685 418 2752 viduam
441 2689 670 2773 assumpserit,
698 2708 773 2754 cum
797 2709 900 2776 eaque
923 2686 1139 2754 nominaliter
1162 2686 1250 2776 apud
1263 2685 1304 2754 N.
1329 2687 1363 2752 in
1387 2683 1432 2750 di·

173 2776 320 2842 versorio
342 2775 385 2843 N.
410 2773 684 2842 condescenderit
708 2776 744 2840 in
767 2795 836 2842 uno
860 2775 964 2843 cubili
988 2777 1270 2864 pernoctaverint,
1308 2775 1343 2840 in
1366 2797 1433 2840 uno

172 2861 261 2928 lecto
284 2863 467 2943 rubuerint,
491 2883 661 2951 quosuper
685 2865 793 2931 testes
818 2872 899 2930 sunt
922 2872 986 2932 etc.
1015 2868 1052 2954 A)
1075 2865 1226 2945 Accedit,
1250 2863 1337 2953 quod
1360 2863 1434 2952 ipsa

171 2950 339 3038 Perpetua
360 2950 497 3019 Nathan
522 2951 699 3018 occasione
725 2950 836 3019 ultimi
859 2965 977 3043 partus
1011 2953 1362 3021 extramatrimonialis
1385 2974 1433 3018 re·

172 3041 291 3126 petitis
314 3041 442 3106 vicibus
465 3039 591 3127 partim
616 3050 744 3125 aperte.
769 3042 893 3128 partim
918 3041 1094 3128 palliative
1117 3044 1160 3109 ad
1205 3042 1335 3130 eulpam
1383 3063 1433 3111 ao·

172 3129 282 3194 euasti
304 3127 547 3217 provocaverit.
574 3127 633 3194 Sic
656 3149 689 3194 v.
714 3152 747 3214 g.
772 3129 906 3215 aperuit
930 3129 1009 3195 huie
1033 3137 1068 3196 et
1092 3131 1168 3196 huic
1192 3139 1253 3198 eto.
1278 3133 1308 3216 e)
1332 3129 1431 3197 Prae·

171 3225 228 3283 ter
248 3217 307 3283 has
330 3215 531 3304 multiplices
557 3223 594 3282 et
617 3237 742 3300 graves
766 3216 944 3283 fidelitatis
978 3218 1161 3304 conjugalis
1206 3218 1368 3285 laesiones
1414 3239 1434 3282 a

171 3305 326 3394 pluribus
349 3304 446 3372 aunls
470 3325 521 3368 me
545 3302 633 3369 male
657 3307 820 3372 tractavit
844 3304 971 3393 pluries
994 3312 1075 3371 tunc
1099 3315 1133 3372 et
1157 3313 1236 3372 tunc
1250 3305 1432 3394 (enarratio

173 3395 375 3479 factorum);
392 3394 437 3479 f)
460 3390 643 3458 Dirissime
667 3399 779 3459 autem
803 3417 854 3459 me
876 3393 1041 3459 tractavit
1067 3393 1140 3459 14-a
1174 3395 1312 3483 Aprilis,
1355 3394 1433 3459 dum

173 3482 219 3548 ad
242 3490 391 3548 nostram
414 3482 558 3561 domum,
584 3503 625 3546 ex
648 3502 714 3569 qna
727 3503 778 3547 me
792 3481 933 3548 mari-tus
948 3481 1167 3569 praecedente
1187 3503 1325 3570 vespere
1339 3503 1432 3570 prae·

174 3568 288 3636 missis
311 3569 508 3636 verberibus
532 3568 699 3635 violenter
722 3571 891 3657 abegerat,
915 3569 1121 3650 redivissem,
1146 3569 1223 3636 dum
1261 3572 1295 3638 iu
1320 3570 1432 3636 culina

175 3681 252 3726 cum
277 3658 367 3725 dicta
390 3679 450 3723 sua
473 3657 600 3722 amasia
621 3657 790 3745 Perpetua
813 3658 948 3726 Nathan
972 3656 1053 3722 mihi
1068 3658 1199 3724 obviam
1213 3659 1324 3725 factus
1338 3658 1433 3724 nulla

175 3769 220 3812 ex
243 3753 339 3833 parte
363 3769 435 3811 mea
457 3744 673 3897 suppeditata
698 3768 788 3827 ansa,
813 3749 846 3812 in
871 3769 921 3812 me
943 3746 1146 3812 furibundus
1169 3747 1278 3827 irruit,
1293 3745 1431 3834 capillos

175 3834 336 3914 extraxit,
362 3849 397 3901 et
421 3833 491 3898 dire
531 3840 607 3900 uste
631 3835 823 3901 verberavit
846 3840 909 3901 etc.
932 3833 972 3922 g)
996 3833 1037 3899 In
1060 3833 1156 3922 cujus
1179 3836 1347 3923 sequelam
1371 3834 1434 3899 tri·

176 3924 242 3987 bus
265 3921 460 4009 septimanis
484 3920 570 3988 lecto
593 3922 696 3988 affixa
716 3921 826 4010 jacere
850 3923 958 4002 debui,
994 3944 1100 4010 aquo
1136 3930 1283 4011 tempore
1317 3928 1433 3989 coacta

176 4032 253 4075 sum
276 4009 366 4097 apud
389 4016 528 4076 matrem
551 4032 753 4097 permanere.
778 4011 813 4099 h)
837 4011 974 4078 Interea
997 4011 1045 4076 nil
1071 4013 1275 4078 intentatum
1297 4010 1429 4099 reliqui,

175 4102 219 4162 ut
243 4098 399 4163 maritum
424 4119 530 4162 meum
554 4098 597 4163 ad
620 4100 753 4165 saniora
777 4100 917 4167 consilia
940 4097 1146 4180 adducerem,
1160 4100 1216 4188 qui
1241 4108 1431 4167 tamennon

176 4188 314 4250 tautum
338 4186 460 4251 amicas
484 4186 764 4254 reconciliationis
789 4187 1106 4271 intermediationes,
1130 4191 1188 4254 sed
1212 4189 1312 4254 etiam
1327 4209 1430 4254 meam

176 4271 404 4339 literatorism
422 4273 663 4354 affidationem,
688 4276 775 4359 qnod
798 4298 860 4362 ego
883 4277 919 4342 in
942 4297 1020 4342 casu
1043 4278 1071 4341 si
1094 4297 1225 4343 sensum
1241 4299 1338 4344 snum
1362 4297 1430 4342 mu·

177 4367 279 4446 taret,
302 4366 423 4450 parata
446 4383 550 4429 essem
574 4368 777 4430 consortium
799 4365 973 4452 conjugale
998 4363 1143 4450 recipere
1166 4364 1238 4431 sine
1259 4364 1432 4452 ullaobje·

177 4448 290 4517 ctione
312 4455 450 4539 propter
472 4454 664 4537 praeterita,
690 4450 813 4540 rejecit.
837 4452 884 4519 Et
907 4451 1039 4540 quidem
1062 4473 1100 4517 ea
1124 4454 1262 4534 ratione,
1287 4459 1327 4518 ut
1349 4452 1431 4519 siad

176 4537 289 4626 ipsum
311 4536 420 4606 redire
441 4561 695 4627 praesumerem,
719 4540 827 4607 adhuc
851 4540 1046 4608 deteriorem
1080 4542 1192 4629 priore
1217 4547 1342 4609 sortem
1376 4563 1432 4608 ex·

177 4626 394 4714 spectandam
418 4626 583 4697 haberem.
608 4627 739 4696 Obtutu
762 4651 901 4718 quorum
926 4633 1163 4696 momentorum
1183 4629 1261 4717 jure
1285 4651 1336 4696 me
1359 4630 1431 4718 pol·

176 4714 249 4782 lere
272 4736 398 4800 censeo,
422 4717 590 4804 querelam
613 4716 656 4784 ad
678 4725 874 4806 perpetuam
896 4718 1139 4805 separationem
1152 4725 1289 4808 propter
1299 4716 1430 4808 culpam
