3464 5366
897 319 944 420 §4

301 556 328 598 c.
351 533 382 601 4.
407 534 447 601 de
469 535 718 693 ordinatione&
742 535 917 626 Episcopie
941 536 1049 624 igitur
1071 560 1136 625 qua
1158 557 1363 606 successores
1403 540 1547 626 Aposto-

300 619 409 688 lorum
430 623 618 692 immediate
639 645 660 690 a
710 624 818 693 bristo
840 625 1011 692 obtentam
1034 629 1235 712 potestatem
1257 623 1448 692 universam
1482 625 1547 692 Ee·

300 706 435 777 alesiam
457 710 603 798 regendi,
627 711 715 780 sicut
737 710 894 800 Apostoli
919 733 991 780 cum
1015 712 1126 793 Petro,
1150 710 1201 778 ita
1277 711 1380 814 iscopi
1403 733 1476 780 cum
1485 712 1547 780 Pe·

299 795 346 862 tri
370 819 558 867 successore
580 821 707 867 summo
729 798 899 868 Ecclesiae
922 805 1056 954 pastore
1078 800 1246 868 Romano.
1289 799 1425 869 ontrfice
1470 821 1549 868 con·

301 883 408 970 juncti
430 886 651 975 collegialiter
673 887 884 968 considerati,
908 887 921 956 i
945 893 997 956 est
1019 887 1204 969 collective,
1228 887 1301 957 sive
1340 887 1376 956 in
1411 887 1547 977 Synodo

300 978 503 1062 congregati,
528 975 600 1043 sive
622 997 689 1046 non
710 975 907 1063 congregati
929 998 1002 1043 cum
1048 997 1176 1043 summo
1219 976 1391 1044 Ecclesiae
1436 976 1547 1065 capite

300 1063 573 1131 communicative
595 1069 759 1131 exercent.
784 1063 831 1131 Et
854 1065 915 1132 hoc
938 1086 1038 1131 sensu
1060 1065 1219 1131 sumenda
1239 1064 1430 1132 suntetiam
1443 1065 1547 1132 verba

300 1151 406 1220 sancti
431 1150 592 1239 Cypriani
614 1151 649 1218 in
672 1151 775 1219 Libro
798 1152 839 1220 de
857 1152 989 1220 unitate
1011 1151 1202 1220 Ecclesiae:
1227 1152 1369 1233 „Nemo
1391 1153 1546 1220 fraterni·

299 1245 405 1308 tatem
427 1239 535 1320 fallat,
551 1238 781 1328 Episcopatus
803 1263 890 1306 unus
913 1246 975 1320 est,
998 1241 1093 1328 cujus
1115 1261 1135 1306 a
1158 1239 1299 1327 singulis
1344 1242 1379 1306 in
1402 1239 1546 1308 solidum

299 1345 377 1414 pars
400 1331 567 1408 tenetur“,
591 1332 627 1394 et
649 1326 681 1395 S.
704 1327 852 1395 Basilius
875 1327 1028 1417 Epistola
1052 1328 1105 1394 77.
1129 1327 1281 1395 Romano
1302 1327 1458 1397 Pontifici
1467 1328 1547 1396 scri·

299 1415 370 1482 bit:
395 1414 493 1496 „Non
514 1417 662 1503 potestis¹
680 1415 776 1483 nobie
799 1415 916 1498 dicere,
941 1415 999 1505 qui
1023 1420 1054 1480 in
1080 1415 1192 1484 eodem
1215 1415 1385 1484 vobiscum
1410 1438 1547 1505 corpore

299 1501 469 1606 (collegio)
492 1505 671 1572 constituti
693 1526 816 1588 snmus,
841 1527 905 1572 non
930 1504 1013 1571 estis
1036 1504 1131 1572 nobis
1154 1503 1365 1584 necessarii,“
1387 1504 1545 1595 Episcopi

297 1599 410 1659 tamen
433 1590 497 1658 dlci
522 1614 588 1658 non
611 1598 750 1679 possunt
773 1613 978 1661 successores
1000 1590 1250 1680 Apostolorum,
1291 1590 1357 1660 nisi
1381 1600 1545 1682 quatenus

296 1680 410 1762 Petro,
432 1678 522 1748 idest
544 1679 615 1748 sedi
637 1679 840 1769 apostolicae
874 1679 964 1748 uniti
992 1685 1091 1765 sunt;
1126 1702 1206 1748 vera
1240 1683 1328 1748 enim
1361 1681 1546 1770 apostolica

297 1767 462 1838 successio
484 1789 551 1836 non
574 1768 675 1852 datur
697 1774 793 1836 extra
814 1768 986 1836 Ecclesiae
1015 1769 1190 1837 unitatem.

296 1947 331 2042 ὅ.
360 1944 428 2027 66.
454 1945 658 2051 Episcopi
696 1946 744 2028 in
781 1946 996 2052 regimine
1037 1945 1311 2028 Dioecesinm
1351 1946 1543 2029 Romam

297 2070 501 2154 Pontifici
529 2071 870 2170 subordinatam,
899 2073 943 2153 et
969 2071 1024 2153 ad
1066 2071 1230 2154 limites
1270 2071 1545 2156 Dioecesium

523 2198 771 2282 restrictam
797 2198 1054 2300 potestatem
1093 2200 1311 2280 exercent.

391 2364 417 2433 J
418 2387 470 2435 am
492 2387 575 2434 aevo
597 2367 629 2434 A
655 2365 846 2445 aetolorum,
857 2365 995 2432 cuilibet
1016 2365 1140 2454 Episco
1164 2373 1322 2434 ocertnm
1335 2364 1542 2453 assignatum

295 2451 401 2520 fuisse
421 2476 556 2542 gregem
579 2389 753 2543 colligitur
775 2476 816 2521 ex
838 2452 1013 2544 Epistolae
1037 2453 1109 2521 l-ae
1130 2388 1226 2522 istri
1239 2454 1309 2522 ch.
1329 2476 1361 2522 v.
1377 2453 1436 2520 A:
1461 2453 1543 2535 „Pa-

295 2539 388 2623 scite,
412 2542 525 2628 quiin
550 2542 646 2610 vohis
669 2549 729 2622 eet,
755 2541 830 2632 (seu
848 2540 1057 2609 commissum
1080 2539 1189 2628 vobis)
1211 2564 1348 2630 gregem
1371 2539 1485 2610 DEI.“
1509 2539 1542 2608 S.

293 2627 422 2698 Paulus
444 2631 487 2698 ad
509 2629 623 2699 Titum
647 2629 683 2698 C.
708 2630 736 2697 1.
763 2653 794 2697 v.
817 2630 866 2696 h:
892 2628 992 2713 „Ideo
1015 2623 1138 2718 reliqui
1161 2635 1196 2697 te
1218 2630 1369 2701 Cretae.“
1393 2629 1542 2698 sJoan-

294 2739 353 2785 nes
375 2717 411 2784 in
433 2718 641 2822 Apocalypsi
663 2717 710 2785 Π.
733 2719 762 2784 1.
786 2717 817 2784 8.
843 2717 895 2784 12.
921 2716 972 2784 18.
997 2723 1231 2786 commemorat
1243 2717 1394 2806 Angelos
1428 2717 1540 2786 Eccle-

294 2805 429 2888 siarnm,
452 2829 525 2874 srve
541 2808 725 2897 Episcopos
747 2805 975 2875 Ecclesiarum
996 2804 1132 2894 Ephesi,
1169 2806 1342 2896 Smyrnae,
1375 2805 1542 2895 Pergami,

293 2889 488 2983 Thyatirae.
511 2895 560 2962 Et
582 2895 737 2985 Synodus
758 2893 972 2963 Antiocheae
994 2915 1081 2960 anno
1104 2891 1179 2961 341.
1212 2894 1355 2963 statuit:
1380 2894 1451 2978 „Ut
1495 2916 1544 2962 se·

293 2981 437 3070 ¹cundum
460 2983 632 3073 antiquam
654 3005 675 3049 a
697 2982 850 3072 patribus
872 2981 1022 3069 regulam
1056 2982 1274 3051 constitutam
1306 2981 1467 3073 Episcopi
1502 3005 1541 3051 ea

292 3075 427 3138 tantum
450 3079 563 3160 agant,
586 3093 671 3162 quae
694 3070 839 3138 adsuam
852 3069 1038 3138 Dioecesim
1051 3069 1232 3158 pertinent,
1249 3072 1541 3161 possessionesque

294 3158 492 3248 subjecisse
517 3159 600 3229 Cum
622 3165 734 3227 antem
750 3158 906 3229 Christus
929 3163 1037 3225 totum
1061 3180 1157 3226 sunm
1180 3181 1316 3248 gregem
1349 3159 1451 3228 Petro
1487 3181 1544 3249 pa·

293 3249 448 3316 scendum
472 3247 721 3330 concrediderit,
746 3247 904 3316 dicendo:
927 3268 1026 3349 pasce
1046 3267 1126 3314 oves
1148 3269 1249 3328 meas,
1293 3269 1392 3338 pasce
1436 3269 1542 3335 agnos

293 3358 391 3420 meos,
416 3336 630 3406 manifestum
653 3341 714 3418 est,
739 3335 884 3404 omnium
907 3333 1129 3422 singularium
1152 3331 1311 3417 fidelium,
1336 3341 1371 3403 et
1393 3336 1540 3424 particu-

294 3423 412 3494 larium
435 3447 582 3512 gregum,
628 3447 688 3492 uos
711 3423 837 3511 singuli
859 3422 982 3512 Episco
1008 3421 1020 3488 i
1039 3432 1165 3510 regunt
1188 3445 1378 3512 supremum
1421 3424 1540 3492 Pasto-

292 3533 362 3580 rem
384 3512 484 3582 simnl
507 3537 580 3581 esse
601 3447 697 3581 iatri
719 3532 942 3581 successorem
1020 3534 1152 3578 manum
1163 3511 1382 3598 Pontificem;
1408 3518 1448 3580 ut
1459 3512 1542 3579 adeo

293 3598 380 3668 nihil
409 3601 599 3669 evidentius
629 3601 684 3684 eit,
715 3622 815 3690 quam
847 3600 1036 3667 Romanum
1081 3599 1279 3668 Pontificem
1313 3599 1349 3666 in
1387 3601 1540 3688 singulas

292 3687 477 3772 Dioeceses,
502 3695 536 3756 et
553 3689 661 3757 relate
684 3690 726 3756 ad
748 3688 900 3774 singulos
922 3686 1048 3768 fideles,
1072 3687 1273 3774 ordinariam
1289 3693 1390 3774 atque
1403 3689 1543 3778 primam

292 3777 414 3845 habere
433 3777 710 3866 jurisdictionem,
733 3799 772 3845 ac
793 3777 977 3867 Episcopos
1000 3775 1106 3843 salvis
1129 3775 1331 3844 universalis
1374 3775 1542 3862 Pastoris,

291 3864 458 3948 Doctoris,
483 3865 648 3946 Rectoris,
671 3863 894 3952 Legislatorie
917 3869 952 3932 et
973 3862 1107 3932 iudicis
1128 3864 1304 3932 Pontificio
1326 3863 1473 3932 Romani
1492 3863 1544 3954 ju·

292 3953 396 4038 ribus,
416 3953 685 4043 jurisdictionem
708 3975 800 4021 suam
820 3952 1051 4041 Episcopalem
1075 3973 1135 4040 per
1180 3955 1463 4022 consecrationem
1508 3960 1544 4020 et

281 4049 466 4133 'acceptum
489 4042 650 4132 Spiritum
673 4042 832 4110 Sanctum
855 4047 1025 4129 acceptam
1048 4039 1084 4106 in
1107 4042 1177 4108 suis
1197 4041 1357 4129 gregibus
1372 4040 1541 4109 ordinarie

293 4151 453 4213 exercere,
477 4154 536 4198 seu
558 4130 755 4199 Pontificem
777 4135 813 4195 et
835 4129 1019 4220 Episcopos
1042 4134 1244 4216 potestatem
1259 4128 1362 4197 aDeo
1375 4129 1542 4218 accepisse

292 4219 428 4308 regendi
449 4219 651 4308 Ecclesiam
675 4217 871 4286 Pontificem
893 4217 1025 4307 quidem
1047 4215 1235 4284 Romanum
1256 4240 1328 4286 eam
1374 4217 1541 4307 accepisse

292 4309 328 4374 in
350 4313 424 4375 tota
446 4331 506 4377 sua
530 4307 738 4397 plenitudine
760 4312 795 4374 et
816 4303 1077 4372 universalitate
1099 4327 1199 4394 super
1243 4327 1373 4373 omnem
1417 4303 1543 4376 Christi

292 4417 437 4485 gregem,
460 4403 496 4465 et
518 4418 591 4465 cnm
615 4394 853 4486 praerogativa
874 4393 1153 4483 independentiae
1176 4399 1211 4462 et
1233 4415 1380 4462 summae
1396 4393 1542 4485 superio·

369 4621 388 4692 Ι)
408 4621 515 4677 confer.
535 4596 630 4676 naa1.'
645 4599 724 4676 rrexj
742 4615 810 4674 trist.
832 4615 902 4671 soe.
923 4614 1036 4677 nissen.
1057 4619 1113 4675 xu.
1135 4623 1162 4672 er
1180 4617 1248 4672 xur.
1288 4618 1317 4671 in
1346 4633 1417 4672 saco.
1439 4617 1495 4674 xv.
1516 4621 1541 4672 a

292 4693 360 4754 xvr.
381 4695 458 4752 rom.
477 4694 502 4747 o.
522 4709 583 4764 pag.
604 4692 664 4746 aaa.
