3464 5366
685 301 1009 406 .*.⁵-⁶„-„

280 526 560 616 praescriptiones
584 526 807 615 legislationis
832 526 943 593 civilis
966 545 1107 612 graecae
1129 547 1189 614 pro
1228 523 1462 594 Transilvania
1496 535 1531 595 et

281 615 436 703 partibus
458 615 537 685 Hun
564 621 663 697 ariae,
688 616 836 702 vigorem
860 615 1045 680 amiserunt
1067 634 1126 701 per
1149 615 1350 682 contrariam
1373 637 1414 682 ex
1436 616 1531 684 Prin·

282 703 364 792 cipis
389 703 527 792 Georgii
586 704 713 792 dkdczy
736 701 996 792 praescriptione
1035 701 1203 768 inductam
1249 703 1529 784 consuetudinem,

282 790 349 884 qui,
373 791 438 858 etei
461 795 531 882 ipse
554 791 741 859 Calvinista
764 796 862 871 esset,
886 790 1030 856 tolerare
1058 796 1170 858 tamen
1213 812 1279 860 non
1324 794 1445 894 potuit,
1491 800 1532 859 ut

281 879 451 946 vinculum
498 879 700 948 matrimonii
723 879 932 946 subditorum
974 899 1108 944 sucrum
1147 878 1268 946 obtutu
1312 877 1469 948 licentiae
1511 902 1532 946 a

282 965 485 1036 Graecorum
509 966 663 1035 civilibus
687 966 817 1054 legibus
840 966 996 1033 inductae
1019 964 1100 1032 adeo
1124 965 1222 1033 facile
1257 967 1418 1050 soluatur,
1442 974 1532 1035 unde

203 1112 206 1132 ,
281 1058 317 1122 in
339 1057 532 1124 societatem
556 1053 686 1124 civilem
709 1061 743 1122 et
766 1047 912 1122 familias
935 1056 1106 1120 innumera
1150 1053 1240 1120 mals
1282 1054 1531 1123 redundarent:

282 1142 422 1232 ideoque
445 1144 685 1212 constitutione
707 1163 769 1210 sua
792 1141 873 1210 ddto
898 1142 949 1208 10.
973 1141 1126 1209 Octobris
1150 1142 1245 1208 1643.
1283 1143 1387 1232 (apud
1423 1143 1534 1232 Major

282 1230 373 1299 Hist.
397 1231 486 1299 Eccl.
534 1253 588 1319 ag.
613 1232 665 1298 74.
689 1231 751 1300 Nr.
774 1231 822 1319 8.)
847 1230 887 1298 ad
923 1229 1123 1319 Episcopum
1159 1236 1241 1298 tunc
1277 1231 1533 1300 Transilvaniae

284 1325 319 1386 et
340 1319 489 1409 portium
512 1255 769 1406 dungericarum
792 1319 994 1386 adnexarum
1016 1323 1135 1406 graeco
1158 1321 1368 1387 non-unitum
1381 1322 1461 1388 data
1484 1342 1533 1388 se·

188 1463 190 1466 .
284 1407 423 1496 quentis
445 1407 636 1475 intimavit:
662 1406 780 1490 „de
803 1427 961 1496 personas
1006 1412 1216 1474 sacrosancto
1239 1409 1438 1479 matrimonii
1464 1411 1534 1475 uin·
1618 1431 1619 1439 ¹

284 1495 359 1563 culo
382 1495 584 1584 copulandas
607 1496 715 1562 tribus
738 1494 953 1564 adminimum
976 1500 1055 1562 ante
1078 1495 1320 1584 copulationem
1360 1495 1476 1565 diebus
1498 1500 1534 1563 in

283 1583 449 1671 frequenti
471 1584 640 1652 Ecclesiae
663 1588 759 1652 coetu
782 1582 975 1672 publicabit,
1009 1605 1047 1650 ac
1069 1603 1130 1670 per
1166 1583 1337 1737 1⁴quoslibet
1380 1591 1534 1674 pastores

244 1713 247 1723 ι
284 1672 348 1738 sibi
370 1671 539 1748 subiectos
561 1670 701 1739 ubilibet
724 1674 757 1737 in
782 1671 953 1755 quibusvis
976 1673 1121 1760 ipsorum
1198 1671 1325 1739 eclesiis
1369 1673 1534 1762 publicari

284 1759 396 1840 faciet,
420 1781 459 1827 ac
481 1763 511 1826 si
533 1760 615 1827 nihil
640 1761 723 1839 vitii,
747 1780 811 1847 quo
835 1759 1002 1847 copulatio
1026 1780 1138 1826 eorum
1162 1759 1437 1850 futuraimpediri
1461 1783 1535 1849 pos·

157 1897 158 1908 ,
285 1854 347 1932 set,
371 1847 412 1915 de
435 1848 549 1915 iisdem
574 1846 776 1927 insufflatur,
800 1848 970 1936 copulabIt
993 1847 1097 1914 libere
1117 1847 1297 1934 juramenti
1327 1857 1535 1917 sacramento

285 1931 461 2018 mediante,
485 1959 522 2002 oo
545 1957 604 2023 per
625 1936 713 2004 alios
736 1936 837 2002 etiam
862 1935 997 2024 perinde
1020 1934 1168 2023 copulari
1192 1935 1309 2022 faciet,
1334 1959 1419 2026 quae
1456 1958 1536 2004 vero

286 2024 353 2091 iam
377 2030 457 2090 sunt
479 2026 618 2091 invicem
643 2023 827 2112 copulatae,
852 2024 967 2091 ambae
990 2030 1106 2090 sancte
1129 2023 1332 2107 cohabitent,
1364 2028 1429 2093 etsi
1452 2045 1537 2114 quae
1566 2069 1571 2083 ·

161 2189 165 2199 ¹
309 2111 411 2179 enfide
434 2111 632 2182 seinvicem
657 2111 873 2192 deseruerint,
898 2117 1096 2199 etutraque
1120 2131 1237 2187 esrum¹
1265 2115 1298 2178 in
1336 2114 1397 2181 hoc
1432 2135 1537 2201 regno

285 2133 539 2268 dransilvaniue
573 2200 627 2267 vel
649 2199 803 2287 partibus
828 2200 931 2266 eidem
956 2199 1092 2266 adnexis
1139 2202 1251 2266 vivere
1301 2203 1536 2291 comperiatur,

286 2287 379 2355 nullo
402 2293 501 2376 pacto
523 2287 681 2376 nullaque
705 2288 744 2353 de
769 2309 867 2354 causa
891 2309 946 2354 eas
960 2286 1129 2368 divortiet,
1148 2309 1259 2356 verum
1271 2289 1307 2355 in
1319 2312 1357 2358 eo
1368 2311 1456 2371 casu,
1471 2313 1537 2378 quo

286 2376 373 2444 alter
395 2376 502 2442 altero
525 2376 650 2464 perfide
674 2375 824 2443 desertor
846 2397 983 2463 peregre
1007 2374 1049 2441 ad
1071 2382 1209 2444 exteras.
1226 2383 1261 2442 et
1291 2376 1390 2465 longe
1413 2378 1539 2444 disten-

286 2471 338 2532 tes
361 2485 435 2532 0ras
457 2486 493 2531 se
516 2463 706 2548 contulerit,
730 2486 792 2531 nec
811 2463 903 2530 ullus
926 2469 1038 2532 certus
1062 2463 1101 2530 de
1125 2486 1162 2531 eo
1208 2486 1320 2532 rumor
1364 2465 1538 2549 audiatur,

285 2551 420 2620 tandem
444 2559 559 2619 exacto
582 2553 613 2618 4.
638 2558 698 2618 eut
721 2553 751 2618 5.
776 2551 909 2619 circiter
932 2573 1093 2618 annorum
1117 2552 1241 2619 circulo
1261 2553 1362 2641 juxta
1372 2557 1539 2622 usitatum

286 2641 545 2710 orthodoxarum
568 2641 856 2725 (calvinianarum)
880 2639 1106 2706 Ecclesiarum
1129 2640 1396 2726 Hungaricarum
1412 2664 1538 2709 morem

287 2735 322 2797 ct
345 2728 613 2796 consuetudinem
635 2727 772 2796 liberam
795 2727 887 2817 parti
909 2728 1077 2796 innocenti
1113 2735 1148 2798 et
1173 2728 1325 2797 desertae
1370 2730 1474 2812 dabit,
1499 2753 1540 2800 ac

268 2817 361 2884 deri
382 2817 575 2920 procurabit
597 2815 741 2884 nubendi
786 2821 1000 2905 potestatem.
1025 2815 1127 2902 (Vide
1150 2819 1251 2884 etiam
1296 2821 1331 2885 in
1353 2818 1417 2886 hoc
1439 2841 1541 2908 opere

288 2905 473 2972 doctrinam
497 2903 720 2973 Catholicam:
745 2904 843 2988 Quod
867 2904 1111 2972 matrimonium
1135 2912 1247 2973 retum
1270 2912 1305 2974 et
1337 2927 1541 2974 consumma-

287 2999 359 3061 tum
380 2993 479 3080 juxta
501 2993 740 3079 Evangelicsm
763 2999 798 3060 et
821 2991 1227 3060 Catholicamdoctriuam
1251 3017 1291 3062 ex
1314 2994 1407 3062 nulla
1437 3017 1541 3062 causa

288 3084 531 3149 matrimonium
563 3082 780 3166 subsequente
805 3081 890 3148 solvi
912 3081 1030 3170 possit,
1054 3083 1209 3170 quoniam
1232 3088 1314 3149 tunc
1348 3083 1542 3152 solveretur

287 3169 323 3237 id
346 3168 434 3272 quod
456 3171 548 3238 Deus
570 3167 664 3259 prius
688 3169 915 3256 conjunxerat,
939 3169 975 3236 id
998 3174 1110 3236 autem
1156 3169 1289 3238 Christo
1319 3173 1392 3274 ipso
1438 3193 1541 3244 enun-

288 3260 398 3326 ciante
421 3258 495 3325 fieri
518 3279 584 3324 nun
606 3263 728 3346 potest,
754 3264 788 3324 et
811 3257 883 3324 sine
905 3257 1082 3344 sacrilegio
1105 3258 1214 3326 facere
1236 3281 1302 3327 non
1324 3259 1415 3326 hcet.
1450 3305 1453 3314 .

384 3367 419 3436 C.
444 3367 518 3434 236.
543 3366 577 3435 Si
602 3368 721 3435 marito
744 3388 883 3455 peregre
905 3367 1135 3455 proficiscente
1158 3390 1223 3435 non
1247 3370 1439 3437 constiterit
1464 3392 1542 3437 eum

288 3457 409 3538 vivere,
435 3463 537 3543 atque
561 3477 644 3523 uxor
666 3455 764 3522 alteri
788 3455 939 3537 nuberet,
964 3454 1053 3538 baec,
1078 3455 1239 3524 redeunte
1260 3457 1367 3546 primo
1407 3458 1540 3540 marito,
1580 3481 1583 3488 ¹

288 3545 428 3611 adeum
452 3545 561 3611 redire
585 3542 692 3611 debet.

385 3654 420 3722 O.
445 3655 519 3722 237.
544 3653 611 3738 Qui
634 3653 717 3722 duas
739 3675 858 3721 uxores
883 3653 1017 3721 duxerit
1039 3655 1139 3722 simul
1163 3655 1327 3737 viventes,
1350 3678 1449 3722 unam
1466 3657 1540 3745 qui-

289 3743 363 3810 dem
385 3745 420 3809 in
443 3765 509 3810 uno
533 3748 612 3823 loco,
637 3743 737 3808 aliam
760 3764 839 3809 vero
862 3745 894 3808 in
919 3743 983 3810 alio
1007 3743 1088 3824 loco,
1114 3743 1325 3812 matrimonio
1335 3744 1455 3827 soluto,
1481 3767 1540 3834 pu-

289 3831 403 3898 niatur
425 3853 485 3920 pro
509 3831 647 3898 arbitrio
668 3829 813 3918 judicis,
837 3831 993 3898 similiter
1016 3837 1050 3898 et
1074 3831 1202 3910 mulier,
1226 3853 1310 3918 quae
1334 3833 1416 3899 duos
1440 3832 1541 3900 simul

290 3922 426 3986 meritos
449 3918 614 4000 habuerit,
639 3925 784 4008 excepto,
809 3921 838 3985 si
861 3919 1000 4009 decepte
1022 3919 1153 3986 fuisset.
1176 3920 1264 3986 item
1288 3920 1328 3986 de
1355 3943 1402 4002 eo,
1450 3921 1541 4009 quod

290 4007 438 4075 absentis
461 4007 575 4075 mariti
597 4027 685 4074 mors
708 4007 909 4076 testimoniis
933 4007 1103 4093 probanda
1126 4009 1181 4090 sit,
1205 4015 1245 4076 ut
1267 4008 1385 4076 mulier
1414 4009 1457 4074 ad
1479 4032 1539 4076 nu·

289 4095 431 4163 bendum
455 4095 612 4164 facultari
633 4095 764 4186 possit,
788 4094 1016 4163 testimonium
1040 4102 1152 4164 cutem
1175 4097 1278 4165 etiam
1288 4096 1539 4164 uniussulfioit.

387 4205 423 4272 O.
448 4206 523 4274 233.
548 4207 710 4291 Quicum
734 4211 932 4272 socruaute
956 4208 1202 4275 matrimonium
1227 4205 1409 4275 carnaliter
1453 4228 1540 4273 ccm-

290 4293 414 4360 mixtus
438 4300 499 4373 est,
524 4293 739 4384 prohibeatur
762 4294 881 4362 ducere
904 4293 1006 4359 filiam
1031 4295 1125 4386 ejus;
1149 4296 1178 4362 si
1202 4300 1312 4362 autem
1335 4301 1413 4383 post
1427 4295 1540 4361 matri·

289 4384 444 4464 monium,
455 4382 703 4450 matrimonium
715 4405 788 4451 cum
797 4382 867 4450 lilia
879 4391 1018 4466 maneat,
1042 4386 1101 4452 sed
1112 4385 1292 4452 incestuosi
1310 4383 1540 4472 poenitentiae

291 4470 514 4564 subjiciantur
537 4470 603 4556 (12.
627 4470 813 4558 annorum.)
1282 4473 1288 4490 “

387 4579 422 4648 C.
447 4579 521 4648 239.
545 4579 613 4664 Qui
635 4587 809 4671 separatus
831 4588 885 4648 eet
907 4581 948 4648 ab
971 4603 1074 4650 uxore
1097 4584 1138 4651 cb
1162 4582 1291 4671 culpam
1317 4581 1541 4654 ulteriusmu·

290 4667 392 4752 lieris,
416 4669 501 4736 banc
523 4691 589 4738 non
611 4677 724 4756 potest
740 4672 865 4737 ducere
887 4692 1032 4737 uxorem.
