3426 5368
544 655 915 796 SEOTIO
993 655 1137 792 111.

325 876 372 946 ῦΕ
394 875 555 962 tumens,
579 874 759 960 otricus,
785 875 834 944 ΕΤ
865 874 1001 946 ΡΟΕΝΙὸ
1036 874 1354 947 [correctorius

709 1201 858 1312 dthT
901 1205 934 1310 l.

437 1407 508 1484 uu
554 1407 777 1486 runicus
822 1408 1248 1489 EOOLESIASTIOIS.

293 1603 478 1718 §flod
507 1622 571 1703 De
599 1621 776 1704 Judicio
803 1603 1370 1744 ecclesiasticogeneratim.

312 1790 351 1857 In
377 1789 526 1857 Ecclesia
550 1789 735 1857 christiana
759 1813 887 1858 sacrum
913 1792 1014 1860 datur
1036 1795 1220 1882 imperium,
1277 1795 1344 1860 nod
1368 1801 1470 1882 prout

208 1883 386 1982 potestate
408 1878 629 1965 legislatoris,
654 1877 703 1945 ita
724 1878 902 1967 judiciaria
926 1889 960 1948 et
984 1883 1158 1950 executiva
1181 1817 1315 1968 gaudet,
1330 1883 1471 1972 eiusque

211 1965 409 2056 jurisdictio
421 1966 560 2054 respicit
572 1988 732 2054 personas
742 1968 993 2051 ecclesiasticas,
1005 1977 1040 2036 et
1052 1993 1173 2037 sacras.
1191 1969 1213 2036 J
1216 1969 1389 2038 urisdictio
1402 1971 1471 2037 alia

210 2061 269 2122 est
278 2054 488 2121 contentiosa
511 2059 545 2121 et
569 2056 764 2137 necessaria,
789 2079 873 2144 quae
896 2058 986 2124 inter
998 2059 1238 2126 contendentes
1250 2061 1336 2126 circa
1349 2081 1467 2125 causas

211 2149 450 2211 controversas
473 2150 657 2223 exercetur,
682 2143 900 2234 redditurque
924 2147 959 2210 in
983 2147 1125 2231 invitos3
1164 2146 1290 2213 dicitur
1336 2157 1471 2214 conten-

212 2232 317 2311 tiosa,
341 2232 418 2318 quia
441 2237 534 2296 sotor
557 2231 729 2298 contendit
753 2238 869 2298 contra
892 2257 1008 2319 reum;
1033 2233 1367 2315 diciturnecessaria,
1393 2238 1471 2324 quia

213 2341 296 2386 reus
319 2321 350 2383 in
372 2318 531 2406 judicium
556 2324 695 2385 vocatus
718 2325 855 2386 tenetur
875 2323 923 2385 ibi
968 2323 1166 2410 respondere
1201 2330 1236 2391 et
1258 2323 1413 2390 redditur
1435 2325 1470 2388 in

213 2408 355 2474 invitos.
379 2407 500 2472 Altera
524 2414 635 2474 autem
660 2414 712 2473 est
736 2409 937 2494 voluntaria,
961 2411 1102 2497 quaein
1127 2411 1215 2476 solos
1239 2410 1393 2478 subditos
1417 2433 1472 2478 vo·

214 2496 338 2566 lentes.
363 2495 462 2560 iniis
486 2495 641 2580 negotiis
666 2497 700 2559 in
745 2498 842 2562 uibus
867 2520 1045 2564 consensus
1078 2499 1131 2566 vel
1155 2499 1362 2564 confirmatio
1383 2497 1470 2584 judi-

215 2585 268 2651 cis
291 2584 481 2666 requiritur,
506 2591 689 2649 exercetur.
716 2518 921 2670 {nandoque
945 2593 1056 2652 tamen
1069 2587 1257 2674 jurisdictio
1277 2586 1471 2652 voluntarra

214 2674 362 2738 assumit
406 2673 828 2754 naturamoontentiosae,
854 2683 888 2739 et
911 2674 1086 2741 reducitur
1130 2674 1172 2740 ad
1218 2677 1472 2754 contentiosam,

242 2758 353 2826 uando
377 2758 505 2826 scilicet
528 2759 658 2825 nonnisi
682 2782 754 2825 oum
780 2783 899 2827 causae
922 2765 1111 2848 cognitione
1159 2762 1302 2828 exerceri
1349 2768 1471 2848 potest.

215 2783 420 2915 iurisdictio
444 2848 652 2915 contentiosa
676 2849 798 2914 iterum
823 2848 1046 2937 distinguitur
1069 2851 1103 2916 in
1128 2850 1342 2929 criminalem,
1390 2871 1474 2938 quae

216 2941 394 3003 exercetur
417 2935 449 2999 in
476 2934 599 3002 delicta
621 2935 779 3022 graviora
802 2960 862 3005 seu
885 2939 1024 3006 crimina
1048 2947 1082 3006 et
1106 2943 1147 3004 ob
1174 2938 1354 3005 vindictam
1391 2937 1475 3004 ubli·

217 3047 303 3104 cam,
328 3029 362 3089 et
385 3022 526 3102 civilem,
550 3045 634 3112 quae
658 3033 833 3091 exercetur
855 3031 887 3090 in
911 3027 995 3092 alias
1019 3049 1134 3094 causas
1168 3033 1228 3091 aut
1273 3027 1309 3091 in
1378 3027 1475 3092 elicta

217 3131 351 3200 quoque
375 3111 502 3176 minora
525 3113 565 3178 ob
590 3112 756 3199 privatam
780 3112 888 3179 solum
912 3115 1186 3181 satisfactionem.
1212 3113 1330 3195 Quoad
1374 3112 1476 3202 juris·

218 3201 401 3266 dictionem
424 3199 555 3265 civilem
578 3222 675 3287 porro
700 3200 975 3287 distinguendum
1000 3208 1053 3270 est
1086 3201 1246 3290 judicium
1291 3222 1476 3287 ,possesso-

218 3288 339 3366 rium,‘
366 3286 400 3351 in
424 3309 488 3375 quo
512 3287 624 3374 agitur
648 3288 688 3356 de
712 3289 927 3377 adipiscenda
950 3292 1167 3378 possessione,
1200 3288 1377 3355 retinenda
1422 3287 1476 3353 vel

218 3375 456 3462 recuperanda,
480 3383 515 3442 et
538 3399 579 3441 an
604 3376 774 3463 possideat
797 3379 874 3464 quis
897 3379 949 3444 vel
976 3403 1050 3458 non,
1082 3379 1237 3445 incolumi
1286 3377 1396 3444 adhuc
1443 3383 1478 3441 et

218 3463 370 3531 indecisa
391 3466 585 3550 quaestione
609 3464 746 3530 dominii
773 3469 826 3531 vel
849 3467 1080 3555 proprietatis,
1105 3475 1138 3531 et
1182 3465 1412 3551 ,petitorum‘
1441 3463 1474 3528 in

219 3573 287 3641 quo
311 3550 352 3616 dc
374 3553 580 3638 proprietate
604 3552 658 3618 vel
683 3553 829 3618 dominio
854 3555 902 3621 rei
926 3562 987 3620 aut
1011 3555 1148 3638 dejure
1172 3553 1284 3640 aliquo
1314 3553 1478 3638 discepta-

219 3655 288 3720 tur,
313 3649 392 3725 puta
416 3640 561 3728 eligendi
585 3641 639 3708 vel
663 3642 857 3708 nominandi
887 3643 929 3707 ad
977 3643 1181 3708 beneficium.
1229 3641 1270 3706 In
1316 3637 1478 3728 petitorio

219 3734 350 3814 egeret,
373 3727 430 3814 qui
453 3729 617 3795 actionem
641 3729 768 3798 directe
792 3729 954 3796 formaret
973 3733 1013 3797 de
1038 3729 1216 3795 validitate
1240 3728 1404 3796 contracti
1415 3748 1481 3790 ma-

220 3817 381 3896 trimonii,
405 3815 439 3880 in
462 3821 663 3904 possessorio
687 3825 810 3896 autem,
835 3818 923 3898 dum,
949 3819 1096 3908 seposita
1120 3818 1160 3882 de
1184 3813 1483 3883 valorematrimo·

220 3905 272 3971 nii
295 3903 499 3991 quaestione,
524 3905 631 3971 solum
654 3908 863 3994 probaretur,
880 3906 1125 3972 matrimonium
1139 3905 1244 3970 fuisse
1259 3908 1481 3980 contractum,

220 3993 372 4079 adeoque
394 3991 499 4059 fuisse
522 3993 556 4059 in
579 3995 789 4080 possessione
813 3995 914 4083 hujus
938 3995 1033 4076 iuris,
1058 3994 1099 4060 de
1122 4014 1188 4082 qua
1234 4015 1298 4058 non
1346 3994 1484 4078 poterat

216 4082 299 4168 jure
322 4078 431 4166 dejici,
455 4103 492 4147 ac
515 4080 652 4169 proinde
675 4086 762 4170 petit
785 4082 1038 4151 restitutionem
1060 4083 1132 4168 ejus
1156 4083 1189 4144 in
1213 4078 1428 4166 integrum.¹)

335 4258 370 4352 ξ.
402 4258 494 4339 157.
522 4259 586 4339 De
616 4259 777 4343 Judice
806 4261 1030 4342 ordinario
1069 4261 1114 4340 et
1151 4257 1368 4362 delegato.

322 4401 435 4472 Judex
458 4407 706 4476 ecclesiasticus
729 4406 920 4476 ordinarius
944 4413 997 4474 est
1020 4405 1219 4494 Episcopus,
1245 4403 1298 4472 vel
1322 4403 1396 4490 ejus
1426 4399 1488 4467 Vi-

220 4490 337 4562 oarius
361 4501 397 4560 et
419 4515 593 4562 causarum
617 4495 752 4564 auditor
775 4495 954 4582 generalis,
980 4494 1075 4582 cujus
1099 4515 1243 4584 persona
1289 4513 1364 4558 cum
1408 4488 1490 4577 Epi·

222 4654 433 4664 ——.—.-—-—

305 4713 322 4782 ¹)
342 4711 417 4770 Conf.
439 4713 593 4772 Kutschker
612 4718 752 4775 Ehereoht
774 4715 851 4774 Tom.
872 4715 902 4772 V·
924 4733 988 4789 pag·
1008 4713 1071 4770 433·
1423 4781 1460 4834 20
