3420 5358
812 419 815 425 ¹
850 336 917 402 aar

776 431 981 441 ἡ...»-

162 711 167 719 ,
266 667 332 776 ᾗ.
365 663 458 747 130.
489 662 688 746 Remotio
715 663 1128 766 [inpedimentorum
1165 661 1445 744 Matrimonii.

341 831 437 900 Inter
458 831 694 921 impedimenta
717 831 919 898 matrimonii
941 831 1008 899 alia
1030 836 1111 899 sunt
1131 831 1219 918 juris
1243 829 1409 899 naturalis
1450 829 1499 897 di·

246 919 328 1000 vini,
353 942 383 986 v.
407 941 439 1006 g.
463 918 734 1010 impedimentum
759 919 937 1006 ligaminis,
968 919 1241 1008 impedimentum
1286 919 1503 1006 cognationis

246 1005 344 1096 primi
366 1008 499 1095 gradus
514 1015 576 1074 ete.
601 1007 669 1073 alia
691 1012 802 1074 autem
811 1008 976 1096 positivae
1000 1007 1496 1087 institutionisecclesiasticae,

246 1093 358 1184 priora
381 1098 543 1163 removeri
567 1095 660 1162 nulla
684 1095 932 1183 dispensatione
954 1101 1105 1198 possunt,
1132 1095 1317 1182 posteriora
1334 1116 1412 1162 vero
1431 1101 1503 1160 tam

246 1183 482 1270 antecedenter
504 1205 603 1271 quam
627 1190 867 1271 consequenter
890 1183 969 1250 tolh
991 1189 1154 1272 possunt;
1185 1182 1263 1249 hinc
1308 1185 1503 1250 canonistae

247 1271 463 1358 distinguunt
486 1271 748 1361 dispensationes
772 1271 805 1337 in
830 1271 1065 1338 contrahendis
1089 1276 1123 1338 et
1159 1273 1341 1338 contractis
1386 1270 1505 1338 matri·

247 1359 375 1426 moniis.
398 1359 471 1427 Has
495 1356 762 1448 dispensationes
784 1359 950 1444 elargitur
972 1359 1124 1426 Ecclesia
1146 1381 1212 1444 qua
1236 1358 1435 1442 legislatrix,
1451 1380 1505 1425 cu-

244 1449 300 1535 jus
325 1453 378 1514 est
401 1447 503 1514 etiam
523 1447 579 1533 jus
604 1449 736 1513 veniam
760 1449 910 1537 propriae
934 1447 1018 1534 legis
1061 1447 1216 1514 faciendi.
1264 1445 1352 1530 Quia
1386 1451 1502 1513 autem

246 1558 393 1602 summus
416 1535 576 1602 Pontifex
598 1557 658 1625 pro
681 1540 755 1603 toto
777 1557 881 1622 grege
903 1534 1038 1602 Domini
1078 1533 1230 1624 possidet
1274 1556 1294 1599 a
1339 1533 1411 1602 Deo
1435 1533 1502 1600 sibi

247 1624 360 1691 datam
383 1630 586 1726 potestatem
610 1623 737 1710 ligandi
762 1629 796 1689 et
820 1623 981 1703 solvendi,
1005 1630 1101 1710 patet
1111 1622 1154 1688 ad
1166 1627 1369 1710 potestatem
1379 1621 1502 1689 summi

246 1711 418 1779 Pontificrs
442 1716 593 1800 spectare
616 1733 635 1778 a
658 1711 789 1802 legibus
812 1710 1058 1792 ecclesiasticis,
1083 1710 1222 1799 proinde
1246 1708 1349 1776 etiam
1374 1710 1417 1776 ab
1440 1713 1507 1776 im-

246 1798 447 1890 pedimentis
470 1799 673 1868 matrimonii
697 1797 930 1866 dirimentibus
954 1798 1219 1887 dispensationes
1243 1797 1409 1885 elargiri3.
1426 1797 1505 1864 dein

248 1889 349 1956 etiam
372 1885 528 1976 Episcopi
552 1910 593 1955 ex
616 1886 826 1973 delegatione
848 1885 1028 1954 Pontificio
1066 1887 1171 1975 quoad
1197 1891 1296 1951 elisus
1340 1884 1501 1954 Pontifici

247 1975 336 2044 haud
358 1988 548 2046 reservatos
572 1981 607 2043 et
629 1977 663 2041 in
688 1975 907 2042 facultatibus
931 1973 1172 2062 Episcoporum
1196 1996 1370 2061 expressos
1418 1972 1502 2059 legi-

250 2068 328 2132 time
352 2061 557 2152 dispensant.
583 2064 658 2146 Qua
681 2063 721 2130 de
746 2085 781 2128 re
803 2063 988 2129 instructio
1012 2063 1187 2151 sequentia
1211 2065 1375 2128 continet:
1400 2066 1429 2145 ς.
1447 2061 1502 2127 79.

247 2155 298 2222 Ea
322 2152 523 2218 matrimonii
547 2151 793 2239 impedimenta,
818 2172 902 2239 quae
923 2149 1009 2236 juris
1034 2149 1184 2216 canonici
1200 2149 1430 2216 sanctionibus
1456 2152 1504 2214 in·

247 2243 413 2322 nituntur,
437 2240 684 2330 dispensatione
708 2239 857 2325 legitime
881 2238 1029 2319 obtenta,
1053 2245 1088 2304 et
1111 2236 1368 2318 conditionibus,
1417 2258 1504 2327 quae

247 2333 361 2402 forsan
385 2326 564 2431 adjunctae
587 2330 666 2406 sint,
690 2326 883 2415 adimpletis
906 2347 966 2415 pro
989 2327 1131 2412 singu'is
1177 2330 1310 2393 cessant
1355 2326 1500 2392 casibus.

247 2422 288 2492 Iu
310 2415 556 2504 imped1mentis
580 2415 814 2482 dirimentibus
836 2414 970 2504 proprio
990 2413 1067 2502 jure
1090 2413 1283 2502 dispensare
1295 2411 1398 2481 solius
1413 2413 1504 2516 Apo-

248 2508 383 2577 stolicae
406 2504 502 2573 Sedis
525 2511 586 2585 est,
611 2504 664 2572 cui
687 2511 893 2570 reservatum
917 2525 1047 2591 quoque
1069 2502 1105 2568 in
1129 2509 1208 2569 voto
1231 2501 1403 2569 castitatis
1426 2525 1504 2567 srm-

247 2597 336 2689 plici‚
360 2593 418 2660 sed
440 2601 610 2684 perpetuo,
635 2614 694 2658 nec
717 2614 781 2658 non
807 2593 838 2656 in
864 2591 1065 2678 disparitate
1088 2591 1199 2657 cultus
1221 2591 1310 2657 inter
1319 2589 1505 2656 catholicos

248 2693 283 2755 et
306 2680 516 2754 Christianos
540 2703 605 2747 non
628 2680 810 2748 catholicos
834 2677 1114 2766 dispensationem
1139 2678 1330 2764 indulgere;
1364 2727 1371 2741 .

344 2772 371 2856 ξ.
396 2769 449 2853 80.
473 2768 640 2857 Episcopi,
666 2791 738 2836 cum
763 2769 938 2834 canonicae
960 2788 1026 2832 non
1050 2765 1208 2833 deficiant
1240 2765 1398 2844 rationes,
1423 2765 1505 2832 iaci-

212 2885 215 2892 ·
249 2859 298 2928 les
322 2864 422 2926 erunt
444 2856 480 2922 in
502 2857 628 2923 utendo
651 2855 871 2923 facultatibus
895 2876 914 2920 a
936 2862 1054 2921 sancta
1076 2853 1162 2921 Sede
1174 2853 1348 2934 concessis,
1366 2872 1506 2944 sequen-

250 2949 299 3015 tia
322 2943 430 3036 quoad
453 2943 701 3032 impedimenta.

347 3033 376 3100 1.
399 3032 441 3099 In
464 3031 567 3098 tertio
590 3031 768 3120 et'quarto
791 3031 899 3120 gradu
922 3032 1054 3117 (graeco
1078 3030 1206 3121 quinto,
1232 3035 1336 3112 sexto,
1360 3030 1507 3120 septimo

249 3132 284 3190 et
307 3124 435 3207 octavo)
460 3120 783 3205 consanguineitatis
807 3126 840 3187 et
864 3118 1046 3187 affinitatis
1071 3141 1112 3186 ex
1135 3117 1254 3209 copula
1277 3115 1384 3200 licita.

345 3211 376 3276 2.
400 3208 441 3276 In
466 3207 663 3290 cognatione
686 3207 867 3298 spirituali.
1377 3283 1380 3292 ‚

250 3313 255 3322 '
345 3301 375 3365 3.
399 3297 441 3364 In
464 3295 634 3364 affinitate
657 3319 698 3363 ex
721 3297 842 3386 copula
863 3295 994 3376 illicita,
1021 3295 1083 3360 nisi
1107 3294 1291 3362 timendum
1315 3292 1370 3374 sit,
1400 3314 1441 3359 ne
1465 3315 1509 3360 ex

248 3385 427 3455 immundis
451 3385 655 3452 commerciis
678 3385 912 3476 nupturientes
936 3382 1248 3469 consanguineitate
1258 3383 1293 3449 in
1308 3382 1396 3448 linea
1411 3387 1510 3448 recta

252 3476 357 3543 ‘uncti
380 3476 458 3542 sint.
1113 3535 1115 3540 .
1213 3487 1215 3492 ’
1361 3510 1364 3518 ,

246 3500 259 3566 J
343 3563 374 3630 4.
398 3561 440 3629 111
462 3563 564 3628 tertio
588 3566 623 3627 et
645 3565 765 3650 quarto
789 3559 898 3647 gradu
918 3558 1075 3647 justitiae
1098 3557 1251 3647 publicae
1266 3556 1509 3625 honestatisen

248 3651 460 3718 matrimonio
483 3656 559 3715 rato
583 3670 649 3715 non
672 3655 910 3716 consummato.

344 3741 374 3806 5.
398 3739 440 3806 Iu
460 3737 597 3826 justitia
620 3737 772 3825 publicae
794 3734 983 3802 honestatis
1006 3734 1219 3823 provenienti
1238 3756 1278 3802 ex
1291 3730 1510 3799 matrimonio

248 3826 397 3893 invalide
420 3831 593 3894 contracto
618 3832 653 3891 et
675 3848 741 3891 non
765 3829 1002 3903 consummato,
1030 3829 1091 3888 aut
1113 3846 1154 3889 ex
1177 3821 1400 3926 sponsalibus.
1432 3855 1436 3866 ·

344 3917 371 4001 ξ.
396 3914 448 3982 81.
472 3912 591 3981 Cetera
614 3914 702 4002 quod
725 3913 856 3980 adtinet
879 3911 1118 3999 impedimenta
1141 3909 1344 3992 dirimentis,
1355 3906 1513 3974 unanimi

249 4012 373 4071 conatu
395 4001 560 4090 agendum
584 4011 645 4081 est,
670 4007 708 4067 ut
732 4001 850 4067 efficax
872 4021 984 4066 eorum
1008 3998 1106 4084 vigor
1140 4006 1200 4066 aut
1246 4002 1419 4064 asseratur
1444 4001 1512 4062 aut

249 4091 456 4157 restituatur.
481 4090 778 4156 Ubi'matrimonia
802 4090 891 4154 inter
916 4087 1177 4172 consanguineos
1189 4084 1407 4174 proximiores
1418 4082 1513 4151 inita

248 4179 477 4269 frequentiora
501 4183 589 4258 sunt,
614 4183 874 4266 corrumpuntur
897 4175 1020 4241 intima*
1049 4175 1251 4241 familiarum
1297 4171 1515 4255 commercia,

248 4273 365 4357 utpote
389 4267 576 4357 cupidinem
599 4288 747 4354 pravam,
772 4265 909 4354 ejusque
929 4263 1153 4349 suspicionem
1177 4261 1371 4331 excitantia.

327 4449 362 4543 ἓ.
395 4444 488 4526 131.
515 4446 579 4526 De
607 4445 834 4525 sanatione
871 4441 1140 4523 matrimonii
1178 4442 1225 4522 in
1265 4438 1425 4578 pudice.

345 4615 377 4682 A
400 4611 651 4701 dispensatione
674 4611 825 4698 simplici,
850 4632 908 4699 par
933 4630 1038 4698 onam
1061 4608 1196 4676 tollitur
1239 4606 1518 4696 impedimentum

249 4701 356 4772 valori
380 4700 581 4769 matrimonii
605 4700 752 4780 obstans,
777 4700 890 4768 differt
906 4700 1122 4784 dispensatio
1134 4697 1170 4765 in
1184 4695 1296 4765 radice
1309 4696 1520 4764 matrimonii
