3426 5368
837 349 902 416 350

772 443 977 454 Μ

250 569 504 659 amplectantur,
525 589 563 634 ac
586 566 709 633 eisdem
731 589 901 637 assensum
925 567 1163 658 praebentibus
1187 587 1376 655 supremum
1393 568 1497 634 tribn-

250 657 306 724 nal
330 655 426 724 civile
452 655 567 722 mortis
589 653 845 724 declarationem
867 656 1075 746 pronunciet,
1120 657 1214 722 novis
1260 653 1499 722 contrahendis

251 744 380 833 nuptiis
406 741 536 811 nullum
559 748 742 830 oggeratur
765 745 1044 832 impedimentum.
1070 743 1111 831 (ξ.
1136 743 1227 829 249.)
1274 742 1416 826 Quando
1440 745 1499 810 tri·

250 832 353 900 bunal
376 831 617 898 matrimoniale
641 838 784 913 censeat,
811 833 856 897 nil
881 836 977 899 novis
1002 831 1171 898 ineundis
1199 831 1327 917 nuptiis
1374 832 1498 910 obesse,

252 919 311 986 hos
333 919 461 1009 quidem
486 941 603 986 sensus
626 942 686 986 suo
707 920 832 1005 jndicio
855 919 1046 1008 provinciae
1069 918 1232 1007 superiori
1254 918 1433 1004 significet,
1458 919 1500 985 ad

251 1009 422 1096 conjugem
447 1014 558 1074 tamen
598 1007 725 1074 nnllam
768 1008 892 1094 dirigat
937 1006 1275 1086 communicationem,
1320 1015 1499 1095 antequam

251 1099 367 1163 mortis
391 1095 574 1162 declaratio
596 1096 702 1162 relate
726 1096 767 1161 ad
792 1095 930 1163 effectus
954 1096 1071 1162 civiles
1094 1095 1188 1162 firma
1234 1093 1411 1161 consistat.
1459 1097 1499 1182 (ἓ.

250 1184 339 1270 2430.)
363 1183 400 1250 Si
422 1183 464 1249 ad
486 1206 590 1250 novas
614 1182 780 1250 transitur
803 1184 948 1265 nuptias,
973 1182 1136 1272 parochus
1160 1191 1228 1248 tam
1254 1183 1369 1248 mortis
1395 1183 1500 1250 decla-

250 1276 411 1340 rationem
434 1293 454 1338 a
477 1271 679 1358 magistratu
702 1271 790 1338 civili
815 1272 938 1338 editam
963 1295 1060 1361 quam
1085 1271 1281 1338 decisionem
1302 1271 1498 1338 'tribunalis

251 1359 515 1439 matrimonialis,
539 1360 726 1446 respective
748 1383 930 1441 assensum,
954 1383 1052 1449 quem
1074 1359 1225 1447 superior
1246 1359 1411 1426 instantia
1449 1381 1498 1426 ec·

251 1448 437 1516 elesiastica
460 1447 624 1536 praebuit,
649 1447 685 1514 in
707 1447 794 1515 libro
817 1449 962 1537 nuptiali
986 1455 1147 1516 annotare
1170 1447 1280 1515 debet.

250 1631 284 1726 ἓ.
326 1626 422 1708 246.
461 1625 723 1728 Appendix:
760 1626 1034 1708 Formularia
1070 1625 1416 1708 Protocollorum
1453 1627 1499 1708 in

346 1731 623 1834 processibus
650 1731 1048 1830 matrimonialibus
1065 1731 1401 1832 occurrentium.

347 1879 420 1963 Quo
444 1876 622 1965 perfectius
646 1875 727 1945 haee
749 1877 935 1965 protocolla
959 1884 1151 1946 constructa
1175 1883 1265 1957 sunt,
1279 1877 1498 1965 ecobjectum

250 1970 319 2033 sive
342 1969 428 2033 ratio
452 1987 569 2031 causae
592 1965 627 2030 in
651 1965 823 2032 clariorem
846 1964 951 2033 lucem
976 1966 1167 2046 collocatur,
1192 1973 1294 2054 atque
1331 1971 1498 2033 momenta

249 2055 634 2211 pirlpllpptpprerparptpatent,
657 2060 698 2120 ut
721 2054 892 2140 negotium
914 2053 1030 2142 judicii
1053 2054 1088 2120 in
1112 2054 1246 2121 terenda
1269 2055 1499 2121 sententiata·

249 2321 290 2410 Α)
314 2320 462 2392 formula
484 2318 660 2388 protocolli
685 2335 743 2404 pro
766 2335 855 2403 casu,
879 2320 950 2388 dum
974 2319 1075 2390 Actor
1110 2319 1294 2406 petitionem
1318 2337 1410 2390 snam
1436 2337 1498 2391 non

419 2407 554 2494 scripto,
577 2407 636 2477 aad
659 2406 760 2476 verbo
784 2407 933 2492 proponit
956 2407 985 2478 in
1008 2408 1087 2478 acta
1109 2409 1323 2496 redipandanr.

622 2539 847 2605 Protocollum
871 2543 1126 2605 accusatorium.

345 2676 565 2760 Assumptum
587 2693 647 2759 per
677 2671 907 2762 Episcopalem
931 2671 1192 2760 investigantem
1238 2672 1498 2740 commissarium

249 2762 319 2830 loco
342 2761 384 2830 N.
409 2760 472 2841 die,
571 2759 706 2842 Mensis,
803 2762 898 2828 Anni

719 2936 1032 3003 Praesentes

408 3067 451 3136 N.
475 3067 651 3157 Inquirens
671 3066 931 3134 commissarius.

409 3157 451 3225 N.
477 3155 683 3224 Secretarius
707 3155 939 3223 Commissario
962 3154 1151 3244 adjunctus.

1152 3267 1302 3321 Accusator

1040 3335 1217 3406 Joanna
1255 3335 1407 3405 Ellam

342 3068 386 3137 N.

342 3156 386 3225 N.

738 3511 1007 3602 Objectum.

343 3646 486 3730 Querela
509 3649 625 3714 eontra
648 3645 863 3715 Frauciscum
887 3647 991 3727 Eller,
1015 3668 1112 3735 scopo
1136 3643 1356 3733 separationis
1379 3639 1493 3731 quoad

247 3740 357 3800 torum
380 3740 415 3801 et
438 3756 583 3802 mensam
606 3735 646 3800 ob
671 3735 800 3823 culpam
824 3735 1001 3824 querelati,
1026 3742 1126 3819 atque
1149 3733 1267 3821 petitio
1292 3731 1334 3799 ad
1369 3729 1495 3797 admit·

248 3823 380 3890 tendam
404 3832 590 3910 separatam
615 3823 855 3890 habitationem
878 3829 913 3890 et
935 3821 1156 3912 provisionem
1195 3821 1235 3887 de
1280 3817 1498 3888 convenienti

247 3910 493 3978 sustentatione
516 3909 559 3977 ad
582 3933 742 3998 expensas
770 3912 945 4000 querelati.

341 4001 433 4066 Ante
456 4001 563 4064 omnia
586 3999 773 4087 quaesitum
797 4008 849 4067 est
872 4000 914 4066 ab
938 3997 1084 4078 Aotrice,
1109 4019 1227 4064 nomen
1250 4001 1285 4063 et
1308 4015 1489 4081 cognomen

247 4107 344 4153 suum
365 4094 401 4154 et
423 4085 575 4174 conjugis
598 4088 659 4169 sui,
683 4088 828 4175 Religio,
854 4088 945 4154 locus
969 4085 1137 4167 domicilii,
1162 4083 1307 4152 conditio
1342 4081 1396 4150 vel
1419 4102 1497 4168 pro·

247 4175 356 4257 t'essio,
395 4181 429 4241 et
459 4180 561 4257 aetas,
595 4181 727 4264 tempus
771 4176 934 4243 contracti
982 4173 1203 4258 matrimonii3
1235 4194 1401 4252 numerus,
1446 4191 1497 4236 se-

246 4285 310 4330 xus
341 4269 375 4330 et
406 4268 499 4331 aetas
533 4263 567 4329 in
598 4265 808 4332 matrimonio
842 4267 1074 4351 generatarum
1127 4261 1267 4346 rolium;
1291 4262 1371 4327 item
1416 4280 1495 4323 num

247 4374 283 4418 se
305 4354 509 4439 praescripto
532 4352 724 4420 testimonio
749 4351 976 4420 concernentia
1001 4286 1134 4438 parochi
1159 4349 1199 4416 de
1222 4347 1402 4439 praemisso
1440 4367 1490 4412 re·

247 4439 489 4507 conciliationis
512 4446 547 4506 et
560 4441 805 4529 pacificationis
829 4439 1012 4507 tentamine
1029 4438 1216 4525 legitimare
1232 4439 1348 4526 possit.
1366 4433 1495 4500 Eadem

246 4531 421 4616 proponit:
446 4527 494 4614 (in
518 4528 625 4595 fracto
648 4529 880 4613 scribendum.)
904 4527 976 4613 Ego
1000 4525 1133 4594 Joanna
1177 4526 1282 4607 hiller,
1308 4521 1495 4591 catholicae

246 4616 416 4704 religionis
438 4619 525 4682 ritus
542 4615 584 4684 N.
608 4617 660 4683 35.
685 4639 854 4696 annornm,
879 4615 940 4684 hcc
963 4623 1112 4704 tempore
1150 4613 1354 4682 domiciliata
1401 4609 1490 4698 apud

247 4711 386 4771 matrem
409 4703 598 4772 Therasiam
621 4705 655 4771 in
679 4704 892 4773 Possessione
916 4702 1107 4770 Thalhirch.
1131 4702 1203 4771 Nro
1228 4701 1278 4769 13.
1303 4699 1345 4766 ad
1390 4699 1492 4765 Paro·
