3476 5366
890 384 956 452 204

815 481 1020 490 ——--—·

294 606 507 674 excusatione
529 605 632 695 digna
655 610 717 688 est,
741 627 800 674 nec
823 606 949 675 venia.“
975 607 1042 676 Per
1064 607 1239 676 scientiam
1276 611 1388 677 autem
1423 608 1548 678 intelli-

294 695 388 852 gitur
408 693 571 785 imprimis
594 695 734 765 scientia
756 694 969 783 Tbeolcgiae,
1008 695 1184 767 Sacrarum
1223 695 1475 786 scripturarum
1513 703 1549 768 et

324 804 474 852 anonum.

701 959 893 1046 d)Morum
921 961 1101 1026 Gravitate.

389 1089 604 1158 sacerdotum
627 1090 700 1157 vita
724 1089 821 1158 debet
845 1113 917 1158 esse
940 1089 1121 1179 speculum,
1144 1089 1266 1178 inquo
1291 1089 1435 1176 quilibet
1471 1113 1551 1180 qus·

293 1177 337 1244 lis
360 1200 432 1245 essa
455 1177 574 1244 debeat
597 1179 797 1266 conspiciat;
821 1179 1031 1246 sacerdotum
1066 1177 1139 1244 vita
1171 1175 1267 1245 debet
1301 1200 1373 1246 esse
1406 1178 1550 1247 aliorum

293 1266 446 1347 eruditio,
470 1270 506 1332 et
527 1265 649 1334 salutis
671 1269 829 1333 continua
851 1265 1066 1356 praedicatio.
1089 1264 1123 1334 S.
1146 1266 1303 1352 Paulus)
1319 1265 1360 1334 de
1374 1265 1546 1334 Ministris

293 1353 413 1420 altaris
458 1354 653 1421 raescribit:
682 1360 740 1437 ,ut
762 1356 945 1442 probentur
967 1353 1061 1443 prius
1084 1360 1119 1420 et
1141 1352 1189 1420 sio
1212 1355 1549 1423 ministrentnullum

294 1441 418 1508 crimen
435 1377 631 1508 labentes.“
657 1441 691 1511 S.
725 1441 951 1531 Hieronymus
987 1448 1100 1508 autem
1133 1441 1264 1530 inquit:
1303 1441 1548 1525 ,Vehementer

292 1529 477 1598 Ecclesiam
500 1528 627 1597 Christi
651 1530 795 1596 destruit
818 1530 970 1597 meliores
993 1551 1064 1596 esse
1087 1528 1208 1596 Leicos
1231 1551 1330 1618 quam
1366 1529 1546 1599 clericos‘

292 1617 461 1706 Imprimis
485 1622 597 1684 autern
620 1617 698 1684 illos
720 1617 916 1686 Sacerdotes
939 1617 1060 1706 quibus
1083 1619 1267 1684 animarum
1283 1617 1552 1707 curaocmmissa

294 1712 355 1786 est,
380 1705 479 1793 quive
501 1705 729 1773 immediatum
752 1706 788 1772 in
812 1705 955 1793 Gregem
981 1704 1111 1773 Obristi
1134 1710 1288 1773 exercent
1310 1704 1476 1776 influxum
1499 1729 1552 1775 re-

292 1793 361 1858 late
383 1792 426 1859 ad
448 1793 651 1880 gravitatem
676 1815 802 1861 morum
824 1792 988 1882 probandi
1011 1798 1099 1875 sunt,
1123 1800 1164 1860 ut
1187 1815 1252 1859 non
1275 1793 1371 1860 modo
1395 1795 1436 1860 ab
1460 1800 1552 1861 omni

292 1881 427 1947 crimine
450 1881 621 1962 immunes,
645 1881 704 1948 sed
726 1887 761 1949 ct
784 1882 903 1950 habitu
925 1903 1055 1969 quoque
1077 1883 1183 1948 omnis
1206 1880 1348 1948 virtutis
1393 1881 1553 1949 christia·

292 1990 354 2034 uae
401 1967 535 2049 olleant,
559 1968 629 2035 sint
652 1969 764 2050 sobrii,
788 1992 853 2037 non
877 1969 1052 2050 vinolenti,
1075 1991 1141 2035 non
1165 1969 1276 2056 turpis
1299 1968 1386 2036 lucri
1424 1969 1549 2058 cupidi,

292 2077 358 2122 non
376 1992 480 2137 leves,
503 2055 561 2123 scd
584 2063 776 2137 constantes
799 2057 833 2123 in
858 2057 1039 2146 proposito,
1064 2079 1128 2123 non
1152 2058 1289 2139 austeri,
1314 2056 1373 2123 sed
1397 2055 1549 2140 discreti,

293 2143 491 2211 charitatem
514 2143 675 2212 habentes
698 2166 771 2211 cum
796 2145 964 2230 omnibus;
990 2166 1054 2211 non
1079 2146 1166 2226 vani,
1205 2145 1264 2213 sed
1308 2151 1551 2233 temperantes,

291 2232 428 2319 pacifici,
452 2232 601 2312 modesti,
626 2237 873 2322 compatientes,
898 2233 968 2301 uelo
992 2231 1114 2300 salutis
1148 2253 1237 2314 suae,
1280 2238 1315 2299 ct
1359 2233 1548 2300 animarum

292 2320 554 2387 concreditarum
572 2320 755 2407 flagrantes
778 2344 851 2389 cum
875 2319 1062 2409 prudentia.
1086 2321 1137 2387 De
1176 2342 1241 2408 qua
1271 2319 1448 2409 prudentia
1482 2342 1553 2410 pa-

292 2409 413 2476 storali
438 2408 571 2496 egregie
594 2409 712 2474 scribit
735 2409 768 2476 S.
803 2409 987 2495 Gregorius
1025 2407 1285 2496 Nazianzenus)
1309 2408 1551 2497 sequentibus:

295 2496 437 2578 ,Eorum
461 2496 586 2582 singuli
612 2496 668 2584 (de
707 2496 844 2586 populo)
880 2495 1125 2585 cupiditatibus
1160 2496 1267 2583 magis
1300 2503 1336 2563 et
1368 2496 1552 2565 affectibus

291 2585 380 2651 inter
402 2606 437 2650 se
461 2583 631 2662 differunt,
656 2606 754 2672 quam
778 2606 950 2672 corporum
995 2583 1114 2672 figuris
1160 2605 1199 2650 ac
1244 2582 1455 2662 lineamentis
1502 2623 1548 2637 —-

291 2671 429 2759 proinde
450 2693 509 2738 nec
532 2671 630 2738 facilc
652 2673 724 2759 regi
748 2674 991 2760 gubernarique
1014 2676 1176 2758 possunt
1189 2672 1353 2738 —Alios
1367 2691 1475 2740 sermo
1489 2671 1550 2739 du-

292 2760 349 2840 cit,
374 2759 432 2826 alii
467 2759 615 2847 exemplo
648 2767 899 2848 componuntur,
934 2760 1011 2826 aliis
1043 2760 1227 2827 calcaribus
1259 2780 1342 2848 opus
1372 2765 1434 2841 est,
1470 2759 1552 2828 aliis

290 2846 399 2932 freno;
429 2869 504 2912 nam
538 2849 594 2932 qui
629 2869 747 2935 segnes
770 2853 859 2930 sunt,
884 2855 985 2936 atque
1008 2847 1050 2914 ad
1073 2848 1194 2914 bonum
1233 2868 1333 2934 aegre
1366 2847 1552 2936 impellun-

290 2940 356 3015 tur,
381 2934 415 3000 hi
459 2935 633 3002 verborum
656 2936 802 3003 stimulis
825 2936 990 3004 excitandi
1029 2941 1119 3016 sunt,
1154 2935 1214 3002 hos
1246 2935 1408 3004 orationis
1442 2935 1543 3004 freno

291 3044 449 3103 coercere,
474 3045 512 3089 ac
536 3022 688 3090 cohibere
711 3025 931 3112 praestiterit.
955 3023 1047 3090 Aliis
1082 3021 1231 3090 laudatio
1278 3021 1421 3092 utilitati
1468 3023 1549 3106 fuit,

290 3109 366 3176 aliis
388 3109 618 3199 reprehensi03
650 3117 793 3265 utraque
826 3112 984 3179 videlicet
1015 3112 1214 3199 tempestive
1248 3109 1419 3178 adbibita..
1449 3111 1553 3179 Alios

292 3197 477 3267 cohortatio
502 3198 544 3265 ad
567 3198 712 3265 officium
759 3200 865 3288 irigit,
889 3200 974 3267 alios
998 3199 1211 3287 objurgatio:
1236 3203 1336 3288 atque
1358 3199 1439 3267 haec
1476 3221 1552 3267 rur-

290 3308 361 3354 sum
385 3287 477 3368 alios,
501 3287 530 3354 si
553 3287 665 3376 palam
687 3294 884 3374 arguantur,
908 3288 1001 3369 alios,
1026 3289 1055 3354 si
1094 3286 1231 3354 remotis
1266 3286 1404 3354 arbitris
1438 3287 1553 3355 admo·

290 3380 453 3459 neantur;
478 3375 557 3459 quin
582 3375 682 3442 etiam
708 3398 780 3443 curn
816 3375 985 3443 nonnullis
1018 3375 1069 3442 ita
1102 3375 1267 3462 agendum
1301 3378 1363 3457 est,
1406 3380 1446 3442 ut
1481 3398 1550 3443 non

289 3464 473 3530 irascentes
491 3463 684 3544 irascamur,
709 3485 771 3530 non
797 3469 1046 3532 contemnentes
1077 3469 1343 3545 contemnamus;
1377 3468 1549 3549 quatenus

292 3550 447 3618 videlicet
471 3550 605 3618 illorum
629 3573 708 3618 cura
730 3551 766 3620 id
788 3553 939 3640 requirit.
976 3551 1046 3619 Alii
1081 3572 1212 3619 rursum
1241 3551 1393 3632 lenitate,
1422 3556 1457 3618 st
1489 3552 1552 3619 hu·

289 3639 433 3706 militate
456 3639 594 3707 curandi
616 3646 705 3707 sunt.
729 3639 827 3706 Alios
851 3641 992 3722 vincere,
1016 3646 1050 3706 et
1074 3640 1114 3706 ab
1138 3640 1214 3707 aliis
1238 3639 1329 3708 vinci
1349 3637 1550 3729 plerumque

289 3727 409 3796 utilius
431 3727 551 3812 fuerit3
576 3732 677 3816 atque
699 3728 841 3794 aliorum
864 3751 942 3818 opes
966 3736 1000 3794 et
1022 3727 1223 3817 potentism3
1240 3727 1382 3794 aliorum
1396 3727 1546 3816 inopiam

289 3821 323 3881 et
347 3814 573 3882 calamitatem
597 3815 649 3882 vel
674 3815 818 3897 laudare,
844 3819 898 3885 vel
921 3815 1101 3904 deprecari.
1137 3815 1231 3883 Talis
1266 3815 1455 3883 morborum
1490 3838 1550 3883 no-

217 3927 222 3937 ·
289 3909 434 3970 strorum
480 3926 559 3970 cura
605 3909 667 3986 est,
713 3909 895 3993 tantusque
918 3905 1004 3972 bono
1027 3903 1157 3991 pastori
1180 3902 1275 3972 labor
1297 3903 1469 3986 incumbit,
1491 3905 1552 3994 qui

289 3991 403 4077 gregis
427 3993 553 4058 animas
576 3991 661 4059 scite
683 3992 880 4078 cogniturus
904 3998 966 4076 est,
991 3994 1104 4080 eisque
1122 3992 1226 4080 juxta
1259 3991 1440 4080 pastoralis
1463 3996 1551 4062 artis

290 4079 382 4165 leges
405 4079 627 4167 praeiturus.“

290 4252 321 4341 e)
345 4256 392 4319 Ac
416 4259 604 4322 necessitate
627 4259 795 4322 Ecclesiae
820 4259 860 4323 N.
887 4257 981 4340 cujus
1020 4259 1188 4324 Parocbia
1225 4259 1372 4344 legitime
1402 4269 1550 4344 vacaret.

386 4383 558 4474 Superiori
582 4389 609 4474 ᾗ.
633 4387 686 4454 27.
711 4386 897 4476 expositum
921 4392 975 4456 est
997 4388 1106 4478 qualis
1129 4387 1288 4480 parocbia
1319 4386 1471 4476 legitime
1494 4409 1552 4458 va·

290 4493 369 4541 cans
392 4478 427 4541 et
451 4475 655 4543 eonferibilis
679 4475 736 4543 sit.

374 4674 392 4744 ¹)
411 4673 430 4728 1.
452 4672 487 4728 ad
514 4671 632 4729 Timoth.
654 4672 719 4744 Cap.
740 4674 766 4728 3.
785 4691 812 4729 v.
832 4673 874 4729 10.

365 4745 386 4816 ²)
410 4743 548 4801 Oratione
569 4744 617 4800 1-a
636 4745 671 4798 de
692 4745 764 4814 iuga.
