3420 5358
823 487 888 552 2Βό

750 580 956 592 w

232 706 266 770 in
288 725 338 785 eo,
360 702 447 793 quod
471 704 677 791 dispensatio
700 704 841 792 simplex
864 704 1020 772 effectum
1043 725 1139 770 suum
1165 725 1231 770 non
1266 702 1377 783 babet,
1416 700 1483 770 nisi

231 795 423 879 atempore
444 813 465 856 a
488 811 553 879 quo
590 790 792 872 conceditur,
828 813 888 858 seu
921 810 1089 872 exnunc,
1124 789 1331 878 dispensatio
1362 795 1506 870 autem„

231 876 319 945 alias
342 879 473 944 sanatio
496 883 532 943 in
555 877 666 945 radice
689 879 843 945 effectum
868 902 964 946 sunm
988 878 1209 945 hebetatam
1233 899 1299 958 ore,
1323 898 1388 966 quo
1419 899 1485 944 ma·

177 987 184 1000 ·
232 965 426 1032 trimonium
450 966 721 1048 contrahebatur,
746 989 868 1034 senex
892 973 982 1048 tuno,
1006 966 1095 1032 idest
1116 989 1175 1055 per
1199 901 1364 1032 lictionem
1397 963 1487 1051 juris

234 1052 442 1122 ascendendo
478 1053 521 1120 ad
556 1053 701 1121 radicem
735 1077 795 1121 seu
825 1055 989 1142 originem
1022 1053 1234 1134 matrimonii,
1257 1054 1353 1141 ponit
1375 1075 1429 1120 res
1451 1053 1486 1121 iu

232 1139 347 1208 eodem
359 1147 451 1208 statu
475 1163 514 1208 ac
531 1141 560 1207 si
584 1141 855 1230 impedimentum
868 1164 1036 1232 nunquam
1049 1142 1237 1226 extitisset;
1261 1140 1408 1227 adeoque
1421 1139 1487 1206 dis·

231 1229 389 1384 peusatio
411 1251 452 1296 ve
489 1231 619 1296 sanatio
644 1229 847 1296 matrimonii
866 1231 901 1296 in
925 1229 1037 1298 radice
1061 1230 1192 1296 obtinet
1216 1237 1305 1309 tunc,
1331 1228 1407 1294 dum
1432 1229 1487 1294 ab·

245 1323 305 1384 ato
328 1339 388 1406 per
410 1317 693 1407 dispensationem
717 1318 953 1407 impedimento
977 1317 1063 1404 legis
1087 1316 1341 1397 ecclesiasticae,
1373 1315 1487 1382 matri·

233 1405 378 1471 monium
402 1405 443 1473 ob
467 1405 593 1472 dictum
617 1405 891 1493 impedimentum
916 1405 1056 1473 nulliter
1079 1405 1222 1494 quidem,
1246 1405 1305 1471 sed
1327 1426 1487 1472 cumcon-

232 1515 333 1558 sensu
371 1491 518 1560 naturali
549 1494 670 1559 initum
704 1493 754 1559 ita
788 1493 942 1560 redditur
981 1493 1131 1560 validum
1161 1493 1196 1559 iu
1231 1491 1382 1559 omnibus
1415 1491 1486 1559 auis

232 1579 418 1662 effectibus,
442 1603 481 1648 ac
504 1581 534 1648 si
557 1581 805 1662 contrahentes,
819 1583 931 1667 quiad
951 1580 1201 1648 matrimonium
1224 1579 1485 1647 contrahendum

231 1666 397 1735 inhabiles
420 1668 575 1751 fuissent,
601 1676 636 1735 et
659 1691 855 1736 consensum
878 1669 1053 1756 illegitime
1065 1668 1318 1759 praestiterant,
1336 1667 1487 1734 abinitio

231 1756 364 1824 habiles
386 1757 533 1824 fuissent
555 1765 591 1824 et
615 1779 810 1824 consensum
833 1756 986 1845 legitime
1009 1756 1278 1845 praestitissent;
1317 1754 1391 1822 ideo
1414 1778 1488 1822 con·

231 1865 352 1913 sensus
374 1846 594 1912 renovatione
618 1852 736 1912 sanato
761 1845 867 1933 primo
890 1868 1062 1926 consensu,
1086 1847 1143 1934 qui
1167 1843 1334 1934 perhanc
1357 1843 1488 1931 dispen-

230 1933 395 1999 sationem
419 1936 485 2000 vim
508 1955 601 2000 suam
626 1933 814 2000 naturalem
849 1935 966 2016 exerit,
991 1956 1029 2000 ac
1053 1935 1080 1999 ai
1114 1933 1156 1998 ab
1180 1933 1279 1998 initio
1309 1933 1343 1997 in
1376 1929 1488 1998 radice

231 2019 366 2088 validus
389 2019 521 2103 fuisset,
546 2044 629 2109 opus
653 2044 720 2087 non
743 2027 796 2088 est
819 2030 858 2086 ut
881 2021 951 2088 tale
976 2021 1221 2087 matrimonium
1246 2020 1280 2086 iu
1304 2018 1415 2087 radice
1438 2041 1489 2086 aa·

231 2115 349 2176 natum
373 2109 616 2178 convalidetur.
639 2109 731 2176 Usus
753 2109 855 2198 hujus
888 2107 1160 2197 dispensationis,
1196 2109 1268 2176 sive
1304 2108 1488 2176 sanationis

231 2195 437 2264 matrimonii
459 2201 494 2263 in
515 2199 628 2265 radice
652 2198 703 2279 fit,
728 2195 805 2263 dum
829 2201 998 2286 conjuges,
1032 2197 1059 2264 si
1100 2197 1183 2285 ipsis
1217 2194 1488 2286 impedimentum

232 2285 504 2372 ecclesiasticum,
527 2285 615 2374 quod
635 2285 741 2351 valori
756 2286 960 2352 matrimonii
974 2287 1099 2366 obstat,
1124 2283 1348 2372 detegeretur,
1373 2283 1487 2350 eodem

232 2375 330 2441 abuti
352 2382 490 2462 possent
510 2377 554 2440 ad
577 2372 775 2441 solvendum
800 2374 1060 2440 matrimonium.
1092 2371 1295 2461 Hujusmodi
1319 2371 1488 2462 dispensa·

233 2461 361 2528 tionem
384 2462 589 2529 solummodo
613 2483 762 2528 summus
785 2460 946 2528 Pontifex
970 2461 1171 2552 impertitur,
1194 2459 1375 2527 Benedicto
1391 2457 1487 2528 XIV.

234 2549 317 2616 ddto
339 2551 391 2616 27.
416 2550 508 2640 Sept.
535 2550 631 2616 1755.
671 2551 705 2615 in
729 2549 908 2635 Rescripto
943 2550 1039 2630 ,Etsi
1079 2548 1350 2616 matrimonialis‘
1389 2572 1490 2615 enun-

234 2637 370 2704 ciante:
394 2639 506 2706 Solius
528 2637 672 2706 Romani
708 2637 884 2704 Pontificis
917 2646 977 2719 est,
1013 2637 1275 2728 dispensationis
1306 2637 1339 2702 in
1376 2636 1490 2704 radice

234 2727 436 2793 matrimonii
457 2726 634 2816 indulgere
657 2732 692 2793 et
715 2725 924 2794 conditiones
954 2734 1105 2794 statuere
1129 2748 1188 2814 pro
1212 2723 1392 2793 validitate
1414 2748 1489 2812 gra·

236 2814 306 2880 tiae
329 2813 569 2904 adimplendas.
1000 2819 1003 2825 “

235 2994 272 3090 ξ.
305 2991 399 3075 132.
427 2993 491 3074 De
517 2993 833 3096 Impetratione
860 2991 1206 3096 dispensationis⁴
1228 2989 1284 3076 ab
1312 2993 1491 3096 impaui-

604 3119 764 3200 mentis
791 3118 1114 3200 dirimentibus.

330 3263 546 3352 Dispensatio
592 3267 633 3330 ab
657 3263 892 3352 impedimento
924 3264 1129 3330 matrimonii
1173 3263 1355 3332 efficaciam
1392 3287 1487 3332 suam

236 3352 367 3420 obtinet
391 3375 411 3418 a
433 3354 577 3420 veritate
600 3359 636 3421 et
658 3352 852 3419 sinceritate
885 3353 1061 3440 petitionis
1096 3375 1155 3440 pro
1190 3351 1402 3440 impetranda
1426 3352 1493 3418 dis·

234 3441 430 3530 pensatione
453 3441 662 3527 substratae;
696 3440 901 3527 dispensatio
920 3441 995 3508 ideo
1009 3440 1198 3530 obreptitie,
1212 3439 1264 3507 vel
1289 3438 1493 3528 subreptitie

236 3528 386 3607 obtenta,
411 3529 538 3596 nullius
561 3537 613 3596 est
636 3530 811 3607 efficaciae,
836 3529 916 3595 item
940 3529 968 3593 si
1000 3551 1067 3594 non
1100 3529 1346 3616 adimpleantur
1381 3527 1493 3596 condi·

236 3616 348 3684 tiones
370 3616 613 3706 dispensationi
627 3618 784 3684 adnexae.
809 3615 899 3684 Hinc
913 3620 932 3700 ξ
951 3616 1004 3682 86.
1016 3615 1256 3683 Instructionis
1269 3615 1471 3706 praescribit
1485 3641 1492 3682 :

235 3701 277 3771 In
302 3703 415 3770 libello
439 3705 593 3794 supplici,
617 3728 683 3794 quo
707 3704 913 3792 dispensatio
936 3707 1074 3791 petitur,
1107 3704 1379 3793 impedimentum
1416 3726 1492 3772 cum

237 3792 392 3859 omnibus
415 3792 593 3880 adjunctis,
618 3817 637 3860 a
659 3793 781 3882 quibus
804 3792 953 3880 ejusdem
976 3793 1123 3882 qualitas
1147 3793 1322 3882 dependet,
1336 3794 1492 3860 clareex·

236 3879 424 3969 ponendum
448 3888 501 3947 est
524 3881 660 3970 insuper
683 3885 848 3948 rationum
874 3891 1051 3961 momenta,
1069 3881 1322 3968 quibuspetitio
1336 3879 1491 3963 fulcitur,

237 3970 434 4036 necessariis
458 3968 719 4056 allegationibus
752 3973 973 4037 instruantur.
997 3967 1185 4058 Episcopus
1209 3970 1249 4034 de
1271 3968 1380 4058 factis,
1422 3971 1494 4056 qui·

238 4056 302 4122 bns
325 4055 397 4144 eJ'us
421 4057 554 4137 decisio,
580 4057 633 4125 vel
657 4058 779 4124 relatio
802 4063 937 4124 sanatae
961 4056 1039 4122 Sauli
1063 4056 1276 4146 proponenda
1322 4055 1493 4125 innitatur

238 4150 382 4232 oportet,
407 4147 683 4232 investigationes
706 4145 910 4214 necessarias
935 4144 1081 4212 babebit.
1105 4150 1133 4228 ξ.
1157 4145 1211 4210 87.
1235 4142 1333 4226 Quod
1380 4143 1409 4212 si
1434 4147 1492 4212 im-

237 4229 462 4321 pedimentum
488 4231 664 4317 occultum,
689 4255 749 4300 nec
772 4234 878 4322 ipsius
925 4231 1090 4318 ropalatio
1114 4232 1296 4322 prudenter
1340 4233 1492 4302 timenda

238 4319 296 4400 sit,
320 4319 363 4386 ad
386 4323 605 4388 eonscientiae
628 4321 866 4389 consulendum
913 4321 1094 4408 ispeusatio
1117 4343 1294 4411 suppresso
1311 4321 1491 4410 conjugum

238 4408 372 4474 nomina
395 4412 496 4476 etiam
518 4432 578 4498 per
600 4410 839 4477 confessarium
863 4431 922 4478 sau
944 4408 1046 4475 aliam
1069 4408 1220 4476 idoneam
1231 4413 1492 4510 personampeti

239 4518 280 4563 ac
300 4496 474 4585 impetrari
498 4503 618 4586 potest.
643 4497 845 4585 Hujusmodi
868 4504 978 4564 tamen
1003 4496 1209 4585 dispensatio
1239 4520 1273 4562 1n
1320 4497 1392 4563 foro
1437 4521 1491 4565 ex·

238 4591 337 4652 toruo
361 4586 553 4652 nullatenus
577 4585 802 4674 suffragatur,
839 4588 992 4674 quocirca
1038 4585 1169 4674 quaudo
1215 4584 1489 4688 impedimentum

240 4679 375 4776 praeter
398 4675 662 4762 expectationem
685 4672 854 4762 publicum
878 4673 984 4754 lieret,
1009 4695 1050 4740 ue
1086 4672 1333 4740 matrimonium
1379 4695 1488 4742 coram

238 4758 350 4848 pudice
372 4760 517 4829 humano
539 4762 574 4829 iu
599 4761 775 4830 discrimen
798 4761 993 4842 adducatur,
1018 4760 1299 4850 dispensationem
1322 4783 1382 4850 pro
1416 4761 1491 4833 foro

240 4853 380 4916 externo
404 4848 584 4917 valituram
608 4850 754 4918 servatis
775 4850 949 4918 servandis
982 4857 1096 4940 petere
1119 4853 1297 4940 oporteret.
