3420 5358
246 587 451 674 religiosam,¹
470 609 534 676 qua
559 587 633 675 quis
656 611 691 654 se
714 589 785 660 Deo
809 590 975 656 devovens
999 587 1047 654 ita
1072 587 1193 654 mundo
1238 592 1391 655 mortuus
1428 594 1490 669 est,

244 689 283 742 ut
304 678 371 765 jam
395 697 455 744 uec
479 678 529 742 sui
553 678 701 764 corporis
723 683 924 768 potestatem
946 677 1078 755 habeat,
1102 673 1190 761 quod
1213 673 1352 762 Deoper
1375 680 1492 742 votum

246 763 414 831 castitatis
436 767 653 844 consecravit,
677 787 715 832 ac
738 765 878 833 solemni
901 766 972 833 ritu
995 763 1149 832 tradidit.
1183 762 1242 829 'Et
1288 762 1492 831 Benedictus

244 851 370 941 XIV.¹)
395 852 461 919 ait:
485 852 657 939 Integrum
680 858 733 920 est
755 853 898 937 mulieri,
921 876 1006 942 quaa
1030 852 1274 920 matrimonium
1299 850 1492 934 celebravit,

245 963 311 1008 non
334 945 445 1007 autem
469 947 502 1007 et
526 942 767 1009 consummavit
789 945 823 1008 in
847 941 1084 1011 monasterium
1107 963 1142 1006 se
1177 941 1333 1027 recipere,
1379 938 1494 1024 ibique

244 1029 403 1095 solemnia
425 1027 597 1115 religionis
621 1034 700 1095 vota
723 1052 931 1117 nuncupare;
955 1052 1014 1118 per
1050 1029 1134 1095 hanc
1179 1033 1290 1094 autem
1335 1031 1493 1096 votorum

245 1139 355 1184 nuncu
379 1115 523 1183 ationem
547 1114 785 1184 matrimoniali
809 1117 942 1200 vinculo
968 1118 1020 1184 vir
1042 1116 1197 1196 solvitur,
1207 1116 1338 1202 ipsique
1351 1114 1494 1183 liberum

245 1212 339 1272 esta
385 1204 469 1270 alias
493 1205 628 1292 nuptias
651 1204 866 1290 convolaret
889 1205 998 1292 Leges
1021 1204 1154 1294 quidem
1177 1203 1294 1270 civiles
1340 1203 1494 1302 Orienta-

245 1293 326 1358 lium
345 1291 488 1360 ulterius
510 1315 706 1380 progressae
728 1299 817 1374 sunt,
842 1295 1089 1360 matrimonium
1113 1293 1214 1370 etiam
1226 1298 1493 1358 consummatum

244 1379 450 1468 professione
473 1380 629 1466 religiosa
654 1381 793 1448 dissolvi
817 1387 1006 1449 statuentes
1029 1379 1174 1449 Novella
1207 1379 1260 1446 23.
1304 1378 1495 1446 Justiniani

245 1468 280 1536 C.
304 1467 335 1535 4.
359 1490 457 1557 quam
480 1472 592 1534 tamen
615 1468 722 1554 legem
744 1470 861 1556 rejecit
883 1469 1075 1557 Ecclesia.³)
1099 1468 1167 1536 Cur
1190 1473 1302 1534 autem
1324 1467 1495 1535 matrimo-

246 1557 337 1623 nium
360 1579 425 1621 non
449 1563 711 1624 consummatum
735 1579 794 1644 per
816 1557 1054 1642 professionem
1092 1555 1284 1642 religiosam
1329 1555 1493 1636 solvatur,

144 1707 148 1715 ,
245 1645 409 1730 rationem
431 1643 543 1711 reddit
565 1644 781 1711 Innocentius
804 1645 899 1735 ΠΡ)
927 1644 1149 1733 ,Conjugiunl
1168 1645 1253 1712 illud
1271 1643 1391 1732 inquit,
1405 1638 1495 1732 qnod

245 1755 310 1799 non
334 1737 386 1798 est
409 1734 638 1799 commixtione
661 1736 834 1820 corporum
857 1743 1131 1814 consummatum,
1171 1755 1236 1799 non
1278 1731 1428 1820 pertinet
1450 1731 1496 1798 ad

246 1821 332 1889 illud
356 1819 546 1907 conjugium
569 1819 819 1906 designandum,
844 1821 932 1910 qnod
954 1823 1043 1888 inter
1066 1822 1235 1889 Christum
1250 1827 1284 1886 et
1296 1819 1494 1900 Ecclesiam,

246 1930 305 1996 per
327 1907 566 1974 incarnationis
589 1913 785 1994 mysterium
809 1918 861 1976 ast
883 1915 1123 1990 contractum‘,
1147 1908 1221 1990 ideo
1245 1909 1347 1974 etiam
1377 1907 1496 1974 Ponti-

246 1996 318 2062 ficis
341 1994 586 2083 dispensatione
611 1995 720 2062 dirimi
743 2003 873 2085 potesta
891 1997 966 2080 Qua
989 1997 1030 2063 de
1052 2019 1088 2064 re
1119 1997 1307 2064 Instructio
1350 2015 1411 2084 pro
1434 1995 1496 2061 tri·

246 2084 425 2150 bunalibus
449 2083 749 2151 matrimonialibus
773 2091 802 2170 ξ.
826 2085 880 2153 21.
904 2087 952 2152 sio
974 2091 1094 2152 sonat:

179 2177 183 2192 '
345 2172 517 2239 Vinculum
542 2173 743 2238 matrimonii
768 2173 879 2239 valide
902 2177 1064 2258 contracti
1088 2171 1146 2240 sed
1169 2171 1315 2238 nondum
1339 2193 1493 2238 consum·

247 2259 328 2326 mati
351 2282 410 2363 per
432 2260 609 2326 solemnem
632 2260 806 2348 religionis
829 2261 1066 2348 professionem
1091 2260 1230 2328 alterius
1254 2258 1415 2347 conjugis,
1438 2259 1497 2325 vel

206 2391 210 2404 ·
246 2371 365 2415 summi
387 2347 561 2415 Pontificis
585 2348 831 2436 dispensatione
856 2348 1035 2415 dirimitur.
1060 2347 1311 2416 Matrimonium
1335 2370 1355 2413 a
1400 2345 1496 2414 Chri-

220 2435 222 2438 ’
247 2436 366 2502 stianis
390 2441 606 2518 contractum,
631 2444 806 2525 postquam
829 2447 1092 2504 consummatum
1116 2437 1230 2518 fuerit,
1245 2434 1377 2502 nonnisi
1387 2441 1496 2502 morta

245 2524 332 2591 solvi
356 2529 478 2612 potest.
935 2585 938 2606 ,
1254 2583 1261 2596 .

342 2616 428 2680 Nota
453 2613 486 2700 1)
511 2612 564 2680 Ex
587 2634 634 2693 eo,
659 2611 747 2698 quod
770 2613 1016 2680 matrimonium
1041 2613 1075 2680 in
1121 2618 1284 2699 conceptu
1328 2610 1497 2678 catholico

245 2706 366 2780 ratum,
390 2706 680 2788 consummatoque
704 2701 837 2767 nonnisi
861 2707 967 2769 morte
990 2701 1036 2767 sit
1060 2701 1277 2784 dissolubile;
1302 2699 1496 2766 enunciatio

198 2839 201 2844 2
245 2788 415 2856 nullitatis
439 2790 642 2854 matrimonii
665 2811 724 2875 per
747 2789 896 2862 tribunal
920 2789 1155 2859 Aoatholioum
1178 2789 1287 2878 quoad
1302 2785 1496 2856 Catholicos

245 2875 412 2964 conjuges,
437 2877 513 2943 dum
537 2876 644 2942 adhuc
666 2876 722 2943 vel
745 2883 893 2961 uterque,
918 2877 972 2942 vel
996 2900 1081 2944 unus
1112 2876 1290 2964 conjugum
1314 2874 1496 2942 Acatholi·

247 2987 304 3030 cus
329 2970 412 3045 erat,
437 2963 537 3049 iacta,
553 2964 745 3050 invigorosa
768 2970 829 3045 est,
855 2986 914 3031 nec
936 2967 1187 3032 matrimonium
1205 2987 1318 3035 eorum
1355 2961 1495 3032 dirimit.

247 3051 410 3134 Quocirca
433 3051 674 3118 instructionis
697 3054 724 3138 ξ.
749 3053 802 3118 22.
827 3053 893 3118 ait:

345 3138 492 3223 ,Quodsi
515 3139 697 3206 Christiani
721 3164 785 3209 non
809 3140 975 3209 Catholici
997 3145 1182 3216 autument,
1197 3138 1399 3206 matrimonii
1423 3138 1496 3204 vin·

246 3226 356 3292 culum
380 3228 465 3293 solvi
487 3249 592 3314 posse,
614 3227 767 3300 Ecclesia
790 3237 942 3297 errantes
966 3229 1128 3317 deplorat,
1152 3250 1266 3295 verum
1279 3228 1353 3315 pati
1368 3226 1496 3319 nequit,

245 3319 285 3381 ut
308 3337 400 3382 error
423 3316 509 3402 legis
533 3339 612 3382 suae
635 3317 851 3384 sanctitatem
875 3321 1089 3384 contaminet.
1113 3317 1210 3384 Inter
1233 3315 1435 3383 catholicum
1459 3322 1496 3381 et

235 3401 473 3470 'Christianum
497 3427 561 3470 non
586 3405 795 3485 catholicum,
820 3405 876 3490 qui
902 3406 1074 3494 conjugem
1121 3404 1336 3491 superstitem
1381 3403 1495 3484 habet,

248 3491 496 3558 matrimonium
520 3492 702 3566 consistere
725 3493 850 3578 nequit,
875 3493 955 3560 licet
978 3493 1138 3573 tribunal,
1163 3492 1251 3580 apud
1287 3488 1375 3580 quod
1420 3513 1496 3558 cau-

246 3601 301 3644 sae
325 3580 584 3647 matrimoniales
600 3580 864 3648 Christianorum
880 3604 946 3648 non
966 3582 1204 3649 catholicorum
1221 3580 1361 3647 tractari
1374 3580 1495 3659 solent,

246 3668 488 3754 separationem
512 3670 620 3761 quoad
643 3669 811 3736 vinculum
834 3669 1118 3757 pronunciaverit.

343 3781 428 3845 Nota
452 3778 486 3863 2)
510 3777 575 3844 Sed
598 3801 702 3867 neque
725 3778 909 3847 infidelium
947 3778 1192 3846 matrimonium
1226 3777 1377 3862 legitime
1422 3798 1497 3843 oon-

246 3871 393 3932 tractum
417 3866 615 3932 dissolvitur
638 3889 679 3932 ex
702 3889 749 3947 eo,
774 3867 861 3952 quod
885 3869 973 3935 alter
995 3868 1173 3956 conjugum
1198 3867 1240 3932 ad
1256 3864 1384 3933 Christi
1396 3864 1495 3930 fidem

246 3959 463 4020 convertatur
486 3960 520 4019 et
543 3955 745 4040 baptizetur,
769 3955 857 4021 unde
881 3956 1067 4045 Apostolus
1091 3955 1177 4041 (Cor.
1201 3955 1229 4020 Ι.
1254 3954 1290 4022 C.
1315 3953 1496 4040 7.)h01·ta-
1539 4021 1543 4030 ,

246 4051 304 4107 tur
326 4041 483 4129 conjuges
506 4042 548 4106 ad
571 4042 666 4108 fidem
692 4064 868 4109 conversos
891 4054 931 4109 ut
954 4067 1019 4109 non
1045 4043 1219 4109 dimittant
1243 4041 1401 4128 conjuges
1446 4041 1496 4106 in-

247 4129 363 4196 fideles
387 4129 579 4197 cohabitare
603 4131 762 4196 volentes.
788 4131 915 4214 Quodsi
939 4131 1084 4199 infidelis
1108 4130 1258 4211 discedit,
1283 4129 1442 4196 discedat.
1459 4126 1496 4194 Si

247 4215 369 4304 conjux
391 4217 546 4284 nimirum
571 4218 716 4284 infidelis
740 4220 894 4286 canonica
918 4221 1154 4308 interpellatus
1178 4242 1198 4286 a
1233 4215 1374 4304 conjuge
1420 4237 1495 4283 eon·

248 4328 353 4387 verso,
378 4328 455 4372 num
478 4306 622 4372 voluerit
646 4306 688 4371 ad
711 4305 808 4372 fidem
833 4306 984 4373 converti
1008 4308 1060 4375 vel
1085 4307 1204 4374 saltem
1219 4306 1359 4373 innocue
1373 4303 1496 4370 acsias

332 4529 340 4596 )
362 4532 400 4610 De
422 4529 534 4598 Synodo
553 4528 638 4583 dioec.
660 4528 731 4582 Libr.
753 4527 795 4581 13.
818 4525 845 4581 C.
869 4527 910 4580 12.

332 4599 902 4741 i)bd'cieitiiriieirigaiifii'nihili]
924 4668 967 4722 aa
988 4672 1015 4723 et
1032 4667 1076 4751 rs.
1147 4738 1152 4749 ι

324 4743 344 4814 ⁴)
365 4743 428 4814 Cap.
449 4744 537 4798 nebit.
557 4744 702 4812 Extravag.
722 4744 760 4796 De
778 4742 900 4813 Bigamis
927 4758 983 4796 non
1003 4739 1178 4796 ordinandis,

323 4533 330 4561 l

321 4601 331 4630 2
