3426 5368
894 418 957 485 342

289 647 374 725 tens,
398 639 477 730 quia
499 640 668 728 tuncjam
691 660 769 708 vere
791 660 868 706 reus
900 643 952 706 est
975 637 1137 705 adulterii.
1184 637 1279 704 Idem
1303 638 1491 720 dicendum,
1516 638 1546 705 si

291 730 411 818 conjux
430 728 499 816 jam
523 727 643 796 dubius
666 729 706 796 de
729 728 851 818 prioris
884 728 956 794 vita
1003 730 1097 814 (aute
1142 725 1327 794 adhibitam
1378 726 1546 794 sufficien-

289 825 358 885 tem
377 816 601 904 diligentiam)
624 819 711 905 petit
734 816 892 883 debitum.
938 815 1025 884 Nam
1049 837 1121 881 cum
1144 814 1204 881 illa
1236 815 1355 903 copula
1378 814 1425 881 sit
1449 837 1548 902 spon·

289 913 398 988 tanea,
423 927 488 972 non
511 910 611 971 vacat
634 903 791 971 adulterii
815 903 921 992 culpa.
969 906 1000 989 b)
1035 903 1071 969 Si
1105 924 1189 968 uxor
1211 902 1280 969 fuit
1305 903 1470 969 violenter
1495 925 1547 970 co-

290 994 386 1080 gnita
410 1015 469 1060 seu
492 991 527 1060 vi
551 1014 708 1080 oppressa
731 993 814 1078 (can.
839 992 900 1072 ita,
940 999 973 1058 et
1008 990 1121 1058 Canon
1145 995 1325 1079 proposito,
1350 991 1385 1059 Ο.
1411 991 1463 1058 32.
1491 1014 1546 1079 qu.

290 1083 335 1167 5.)
359 1086 467 1148 metus
490 1102 555 1146 non
578 1079 704 1146 sufficit
735 1080 776 1146 ed
811 1081 1033 1146 excusandum
1073 1079 1126 1144 vel
1156 1100 1220 1146 non
1244 1079 1489 1166 imputandum.
1515 1081 1547 1164 c)

291 1170 326 1237 Si
349 1167 484 1255 conjugi
508 1167 760 1236 commisceatur
783 1167 870 1234 alter
893 1169 954 1234 sub¹
989 1169 1099 1232 mariti
1131 1167 1241 1254 specie
1264 1168 1383 1233 latens·
1400 1175 1434 1233 et
1458 1169 1549 1234 bona

290 1258 356 1325 fide
380 1279 420 1323 ex
442 1262 538 1344 parte
562 1257 714 1343 conjugis
738 1256 832 1344 (Can.
872 1257 906 1321 in
942 1255 1070 1336 lectum,
1094 1255 1130 1323 C.
1159 1255 1211 1338 34.
1236 1277 1288 1342 qu.
1313 1255 1359 1344 2.)
1394 1255 1449 1321 Ad
1473 1278 1548 1342 pro·

290 1344 433 1411 bandum
456 1344 542 1410 hano
565 1345 717 1430 conjugis
764 1346 882 1412 bonam
928 1343 1026 1410 fidem
1061 1341 1189 1409 sufficit
1211 1343 1284 1430 ejus
1306 1344 1547 1429 juramentum,

291 1433 407 1500 habito
430 1438 585 1520 respectu
608 1432 650 1497 ad
675 1432 746 1519 ejus
770 1433 979 1498 honestatem
1014 1437 1048 1497 et
1081 1431 1165 1496 alias
1211 1431 1400 1518 probabiles
1437 1432 1548 1520 conje-

293 1528 415 1589 cturas.
462 1523 496 1606 d)
520 1519 556 1586 Si
580 1520 789 1586 matrimonio
814 1520 855 1586 ab
894 1519 1084 1586 infidelibus
1122 1518 1208 1585 inito
1254 1519 1397 1607 datoque
1431 1520 1549 1587 libello

291 1608 423 1697 repudii
446 1606 567 1694 conjux
602 1607 757 1674 dimissus
789 1607 832 1673 ad
869 1607 960 1673 aliud
1001 1611 1153 1675 transeat
1198 1608 1455 1688 matrimonium,
1481 1617 1550 1674 non

290 1695 1550 1872 ellitttlllstabilitatittatltlfllullllllalt‘tl

770 1836 776 1862 r
1222 1833 1228 1864 2
1539 1823 1551 1835 '

294 1878 410 1941 vertat
434 1876 517 1960 (cap.
542 1870 735 1958 gaudemus,
760 1872 800 1940 de
824 1872 944 1938 divort.
977 1873 1011 1938 in
1045 1871 1116 1956 fin.)
1156 1871 1233 1958 quia
1257 1871 1405 1940 infideles
1430 1872 1550 1939 existi-

293 1967 387 2028 mant
410 1958 656 2026 matrimonium
681 1960 767 2026 solvi
789 1983 847 2047 per
878 1959 1054 2047 repudium
1098 1962 1194 2046 juxta
1226 1959 1361 2026 illorum
1384 1963 1475 2027 ritus
1500 1983 1551 2028 oe·

293 2049 458 2116 lebratum
482 2070 521 2115 ao
544 2048 684 2114 subinde
708 2048 839 2114 ratione
883 2048 1094 2134 ignorantiae
1132 2047 1315 2115 excusatur
1345 2048 1464 2136 copula
1489 2049 1550 2117 illa

293 2138 334 2204 ab
358 2135 534 2202 adulterio.
557 2135 648 2205 Idem
673 2136 767 2203 valet
789 2136 829 2202 de
852 2134 1070 2223 repudiante5
1105 2158 1181 2202 nam
1205 2141 1344 2224 uterque
1367 2136 1489 2226 conjux
1514 2160 1550 2205 se

293 2224 425 2311 legibus
449 2223 649 2290 matrimonii
666 2225 812 2291 solutum
827 2227 1004 2291 existimat.
1029 2223 1198 2290 Probatur
1213 2232 1326 2291 autem
1339 2225 1550 2292 adulterium

293 2313 478 2402 perfeetum
502 2317 535 2377 et
558 2311 754 2399 imputabile
776 2335 836 2400 per
854 2381 855 2386 ,
870 2312 1038 2400 propriam
1082 2315 1188 2399 partis
1224 2311 1397 2380 adulterae
1421 2313 1552 2384 contes-

293 2401 440 2484 sionem,
465 2422 524 2488 per
546 2401 672 2488 prolem
710 2424 751 2465 ex
785 2399 949 2467 adulterio
986 2406 1124 2485 natam,
1170 2423 1229 2487 per
1261 2401 1385 2468 factam
1407 2401 1444 2467 in
1468 2409 1552 2468 actu

294 2488 452 2555 adulterii
476 2487 765 2575 deprehensionem
785 2511 791 2572 ;
815 2488 951 2554 idoneos
974 2494 1098 2574 testes;
1122 2490 1500 2576 perinstrumentumv.
1515 2513 1549 2576 g.

294 2576 496 2644 sententiam
516 2575 640 2663 judicis
664 2575 866 2661 criminalis;
892 2579 954 2642 imo
979 2576 1023 2643 ad
1044 2577 1212 2644 ferendam
1230 2578 1451 2665 separationis
1476 2600 1552 2645 sen·

293 2665 434 2732 tentiam
455 2664 605 2751 juxta'§.
631 2664 706 2730 229.
737 2665 976 2731 instructionis
1022 2665 1196 2731 sufficiunt
1242 2669 1342 2731 etiam
1380 2688 1552 2754 praesum-

294 2754 429 2843 ptiones
453 2752 630 2819 violentae.
654 2752 760 2820 Facta
783 2774 871 2834 vero,
909 2753 1029 2837 quibus
1067 2754 1355 2842 praesumptiones
1378 2754 1441 2820 hae
1465 2755 1552 2820 inni-

293 2849 425 2926 tuntur,
446 2840 545 2927 juxta
568 2862 700 2907 normas
723 2863 936 2930 processuum
960 2840 997 2906 in
1019 2840 1214 2908 delictorum
1229 2842 1339 2909 causis
1362 2843 1552 2910 attinentes

294 2928 465 3018 probanda
489 2930 637 2995 veniunt.
662 2929 738 2997 Non
761 2928 890 2995 sufficit
913 2934 1023 2995 autem
1048 2930 1088 2996 de
1111 2930 1172 2997 hoe
1185 2928 1362 3016 (adulterio
1382 2931 1551 3019 perfecto)

294 3019 438 3107 aliquam
461 3021 594 3083 tantum
618 3016 740 3084 habere
785 3017 1066 3120 probabilitatem,
1100 3017 1157 3084 sed
1186 3018 1378 3106 requiritur,
1403 3025 1444 3087 ut
1468 3019 1553 3085 talis

294 3107 385 3174 adsit
407 3104 634 3194 praesumptio
659 3105 818 3195 (suspicio
856 3105 1163 3194 vehementissima)
1187 3114 1226 3172 ut
1248 3107 1368 3174 fundet
1390 3106 1554 3174 moralem

295 3193 553 3278 certitudinem
596 3196 644 3261 sio
685 3218 750 3262 non
775 3193 900 3264 sufficit
946 3193 1080 3260 unicum
1115 3195 1344 3262 testimonium
1368 3196 1451 3284 ejus,
1492 3198 1554 3284 qui

293 3283 504 3369 gloriabatur
527 3304 600 3350 eum
623 3282 861 3350 Reaconventa
884 3282 938 3348 vel
962 3290 1117 3350 accusata
1136 3282 1292 3350 habuisse
1316 3283 1551 3351 commercium

295 3370 445 3456 carnale3
491 3393 552 3438 nec
593 3371 767 3438 sufficiunt
812 3377 933 3451 tactus,
980 3370 1160 3459 amplexus,
1194 3376 1228 3437 et
1264 3372 1397 3456 oscula,
1421 3371 1487 3455 sed¹
1508 3373 1552 3438 ad

294 3481 429 3545 gravem
452 3459 755 3547 praesumptionem
779 3459 997 3545 requiruntur
1042 3459 1314 3526 circumstantiae
1337 3462 1552 3550 conjunctae,

295 3547 343 3614 sic
365 3569 431 3614 non
455 3546 561 3613 solum
585 3547 672 3632 quod
695 3570 755 3636 per
777 3547 912 3614 idoneos
936 3553 1041 3615 testes
1067 3551 1137 3614 visa
1168 3547 1216 3615 sit
1237 3548 1357 3615 mulier
1379 3548 1450 3616 sola
1474 3572 1553 3616 cum

295 3635 375 3715 solo,
400 3634 458 3701 sed
474 3634 581 3810 tspiam
605 3635 695 3703 nuda
718 3659 791 3705 cum
814 3635 903 3704 nudo
939 3641 973 3703 et
995 3635 1029 3702 in
1062 3635 1149 3703 lecto
1171 3634 1265 3725 (Cap.
1286 3635 1405 3718 literis,
1431 3635 1483 3704 13.
1510 3637 1553 3704 de

294 3745 496 3812 praesump.

295 3929 330 4022 ἕ.
360 3923 457 4005 234.
485 3923 549 4006 De
589 3923 913 4006 conditionibus
947 3924 1203 4006 stabiliendi
1243 3927 1472 4010 actoratus'
1493 3927 1553 4009 ad

364 4050 682 4156 separationem
712 4052 972 4153 perpetuam
1009 4074 1063 4131 ex
1091 4051 1234 4154 capite
1261 4052 1484 4134 adulterii.

389 4243 596 4331 Principium
619 4241 774 4329 generale
797 4242 906 4331 quoad
936 4242 1172 4310 stabiliendum
1194 4265 1236 4310 ex
1258 4244 1367 4333 capite
1390 4241 1556 4312 adulterii

296 4336 483 4400 actoratum
516 4331 560 4398 ad
594 4330 846 4419 separationem,
882 4336 957 4398 est:
1005 4333 1110 4399 Actor
1139 4333 1210 4420 ipse
1246 4355 1312 4398 non
1343 4329 1556 4401 commiserit

295 4420 507 4502 adulterium,
531 4441 637 4504 neque
659 4419 731 4507 ipse
754 4419 856 4487 fuerit
879 4441 978 4487 causa
992 4419 1120 4489 directa
1136 4419 1293 4490 adulterii
1319 4441 1377 4509 per
1401 4419 1553 4489 alterum

297 4509 470 4596 conjugem
494 4511 687 4596 perpetrati,
711 4530 816 4596 neque
829 4510 929 4575 etiam
942 4508 1150 4576 commissum
1166 4509 1366 4577 adulterium
1384 4508 1555 4578 condona·

295 4597 393 4680 verit,
417 4618 511 4664 secus
535 4602 705 4663 actoratus
729 4596 874 4664 stabiliri
918 4597 1045 4686 nequit.
1091 4597 1144 4664 Ex
1178 4601 1356 4686 praemisso
1379 4595 1556 4687 principio

296 4683 445 4768 generali
467 4683 579 4752 fluunt
602 4683 760 4773 speciales
785 4691 960 4773 sequentes
999 4686 1135 4774 regulae
1159 4685 1192 4772 1)
1213 4685 1344 4773 'Conjux
1368 4685 1552 4772 conjugem

297 4769 337 4834 de
360 4773 524 4838 adulterio
547 4773 706 4860 impetere
730 4795 794 4839 non
818 4779 941 4862 potest,
977 4774 1006 4840 si
1037 4774 1165 4862 etipse
1190 4775 1390 4841 adulterium
1416 4775 1556 4844 commi·
