3426 5368
293 631 334 684 'ex
354 617 522 705 judicibus
545 615 747 702 Tribunalis‚
773 622 832 681 aut
855 613 882 680 si
907 623 1020 702 partes
1045 639 1063 678 a
1089 617 1158 682 loeo
1182 615 1374 682 Tribuualis
1399 617 1544 682 dissitae

293 707 413 786 forent,
438 727 496 792 per
519 703 621 768 alium
644 706 797 768 idoneum
821 704 1082 769 ecclesiasticum
1106 705 1216 768 virum
1238 703 1461 790 peragendam
1487 704 1545 770 de·

294 817 427 862 cernere
450 791 557 858 debat.
582 791 747 877 Conjuges
771 790 919 856 adhunc
942 793 1111 878 praeviam
1136 791 1383 878 inquisitionem
1431 814 1547 878 perso·

294 883 417 949 naliter
439 901 627 966 comparere
651 885 818 944 tenentur.
842 879 1092 946 Advocatorum
1116 877 1425 966 quaconsultorum
1439 902 1545 968 opera

293 974 344 1036 uti
367 969 499 1058 quidem
524 973 671 1054 possunt,
696 967 753 1032 sed
777 967 865 1032 sieut
888 968 921 1030 in
947 989 1103 1053 processu
1125 966 1292 1032 vinculari
1317 989 1374 1033 eae
1409 974 1547 1034 tantum

295 1059 552 1140 erruuoiationes,
576 1077 658 1141 quas
681 1055 839 1140 conjuges
863 1056 928 1141 ipsi
952 1055 1081 1120 faciunt
1105 1055 1279 1140 vigorosae
1299 1078 1370 1121 esse
1384 1064 1544 1143 possunt.

295 1146 338 1236 (ξ.
364 1146 437 1211 216.
463 1142 608 1228 61217.)
633 1142 864 1208 Ooinmissario
889 1143 930 1207 ad
967 1143 1203 1229 inquirendum
1227 1142 1390 1229 deputato
1414 1166 1552 1231 semper

295 1233 395 1299 etiam
419 1230 626 1300 Secretarius
650 1231 690 1295 ad
715 1229 932 1316 protocollum
959 1231 1142 1296 ducendum
1167 1230 1381 1316 adjungatur.
1398 1233 1440 1318 (ξ.
1455 1232 1551 1317 214.)

384 1415 418 1506 ξ.
447 1407 542 1488 229.
572 1407 823 1488 Prooedura
851 1407 1213 1509 ininquisitioue
1253 1410 1448 1512 praevia.

391 1559 483 1624 Ante
507 1553 615 1619 omnia
639 1553 835 1619 tentandum
861 1559 921 1632 est,
946 1578 987 1618 an
1011 1555 1183 1640 negotium
1207 1555 1331 1642 absque
1376 1555 1552 1644 probatio·

295 1644 393 1710 nibus
416 1644 452 1709 in
475 1642 586 1727 rigore
609 1641 692 1728 juris
716 1641 841 1706 talibus
865 1645 1036 1708 terminari
1060 1643 1176 1730 possit.
1216 1643 1383 1730 Conjuges
1418 1643 1553 1730 singuli

295 1731 454 1798 benevole
478 1729 661 1816 examinari
685 1735 785 1812 atque
809 1737 880 1794 tum
904 1730 965 1795 sibi
991 1731 1132 1796 invicem
1169 1731 1374 1796 confrontari
1411 1731 1551 1796 debent.

296 1819 443 1886 Cuilibet
466 1818 556 1906 parti
581 1817 783 1882 assertiones
807 1817 943 1883 alterius
967 1842 1033 1883 una
1057 1826 1133 1905 post
1147 1818 1296 1883 alteram
1309 1818 1434 1899 ordine,
1450 1841 1553 1906 quem

296 1908 460 1974 successio
486 1905 644 1992 temporis
668 1905 722 1970 vel
746 1927 849 1971 nexus
873 1906 962 1972 inter
986 1929 1116 1972 causam
1151 1912 1186 1972 et
1220 1907 1374 1973 effectum
1409 1907 1552 1994 indicat,

296 1995 528 2084 proponendae
552 1999 641 2073 suut,
666 1998 700 2059 et
723 1993 915 2059 instandum
940 2004 978 2059 ut
1001 1995 1148 2081 praecise
1172 1995 1381 2081 respondeat.
1406 1994 1442 2060 Si
1481 2017 1553 2060 una

296 2105 374 2170 pars
398 2084 441 2149 ad
463 2086 684 2149 instrumenta
708 2081 841 2168 privata
865 2091 1032 2168 provocet,
1058 2083 1166 2148 altera
1189 2083 1428 2169 interroganda
1441 2085 1550 2164 venit,

297 2193 340 2237 an
364 2172 477 2238 eadem
501 2173 645 2257 genuina
668 2168 855 2254 agnoscat?
880 2170 1007 2252 Testes,
1031 2193 1113 2258 quos
1144 2177 1258 2258 partes
1290 2172 1552 2254 nominaverint,

296 2259 331 2324 in
355 2269 517 2348 quantum
541 2258 693 2325 adhiberi
716 2258 854 2344 possint,
880 2258 1091 2323 examinandi
1116 2282 1154 2325 ac
1178 2261 1205 2324 si
1228 2259 1452 2325 necessarium
1503 2263 1551 2324 vi-

297 2348 426 2427 deatur,
451 2348 515 2413 sibi
538 2346 680 2413 invicem
704 2367 763 2410 nec
787 2368 853 2410 non
877 2347 1074 2434 conjugibus
1109 2347 1343 2413 contrectandi
1379 2354 1470 2413 sunt.
1507 2349 1538 2433 (ξ

297 2435 386 2522 218.)
411 2436 452 2501 In
476 2436 537 2502 hae
560 2433 776 2522 inquisitione
800 2437 933 2520 praevia
958 2457 1023 2522 qua
1047 2441 1152 2501 testes
1176 2436 1261 2501 tales
1284 2458 1413 2524 quoque
1428 2435 1552 2502 admit·

296 2530 415 2590 tantur
437 2545 607 2612 personae,
632 2543 771 2609 quarum
812 2522 1036 2609 depositiones
1082 2525 1312 2608 probationem
1353 2523 1550 2612 J'udicialem

297 2611 440 2678 fundare
463 2635 529 2677 non
551 2617 698 2698 possent,
722 2609 810 2696 apud
834 2632 916 2697 quas
948 2616 1059 2676 tamen
1105 2619 1260 2681 accurata
1306 2611 1551 2691 1111111111116

298 2700 418 2787 quibus
442 2701 593 2788 quaestio
617 2703 782 2777 versatur,
807 2697 931 2763 notitia
955 2699 1074 2765 merito
1114 2703 1321 2788 supponitur.
1367 2705 1408 2785 (ἓ.
1456 2699 1550 2789 220.)

297 2787 368 2853 Imo
399 2787 632 2856 Commissario
681 2785 723 2849 ad
748 2786 981 2872 inquirendum
1019 2787 1181 2874 deputato
1228 2791 1396 2875 competit,
1445 2789 1552 2854 etiam

297 2897 465 2962 personas,
490 2877 532 2940 ad
555 2895 636 2958 quas
660 2896 724 2960 qua
749 2879 853 2938 testes
876 2882 990 2962 partes
1016 2898 1080 2940 non
1125 2883 1358 2964 provocarunt,
1405 2897 1551 2962 quarum

298 2963 561 3051 depositionibus
584 2964 809 3047 quaestionem
833 2963 912 3028 facti
949 2963 1167 3030 dilucidatum
1191 2966 1233 3030 iri
1258 2970 1380 3051 sperat,
1404 2964 1552 3032 interro·

297 3073 385 3137 gare.
410 3054 466 3118 An
491 3050 686 3136 conjugibus
733 3049 938 3116 confrontari
963 3051 1115 3132 debeant,
1141 3053 1297 3140 prudenti
1322 3053 1470 3134 ejusdem
1499 3057 1549 3139 ju-

298 3139 382 3205 dicio
406 3139 617 3227 relinquitur.
644 3138 688 3225 (ἓ.
723 3138 812 3227 220.)

297 3318 330 3412 ἓ.
361 3317 456 3398 230.
485 3318 773 3400 Pertractatio
802 3340 958 3398 causae
986 3319 1083 3420 post
1110 3283 1334 3416 praeviam
1365 3318 1555 3421 inquisi-

828 3445 1002 3525 tionem.

392 3591 617 3657 Protooollum
643 3591 683 3655 de
707 3591 919 3677 inquisitione
942 3593 1079 3679 praevia
1103 3597 1279 3680 exceptum
1292 3591 1467 3660 Tribunali
1483 3615 1555 3659 ma·

298 3679 478 3746 trimoniali
503 3679 750 3767 proponendum
775 3682 837 3759 est,
863 3684 897 3746 61
920 3680 1061 3767 quand0,
1087 3680 1128 3746 ad
1152 3703 1236 3769 quae
1260 3687 1355 3748 actor
1387 3703 1556 3768 provoca-

298 3767 355 3848 vit,
379 3789 438 3854 per
461 3768 698 3834 confessionem
722 3767 771 3832 rei
796 3769 849 3833 vel
873 3791 932 3856 per
954 3771 1185 3853 instrumenta,
1210 3792 1293 3854 quae
1342 3793 1472 3835 ornnem
1498 3792 1555 3838 ex·

230 3933 233 3942 .
297 3856 482 3944 ceptionem
505 3855 692 3933 excludant,
718 3861 812 3920 extra
836 3855 972 3924 dubium
992 3858 1060 3944 jam
1080 3856 1190 3945 posita
1204 3860 1283 3938 sint,
1300 3857 1464 3924 Tribunal
1486 3881 1555 3924 ma·

298 3945 485 4010 trimoniale
509 3945 551 4008 ad
574 3942 774 4010 sententiam
820 3943 989 4012 ferendam
1027 3945 1198 4032 procedit;
1227 3968 1331 4028 secus,
1355 3967 1555 4032 processum

297 4032 524 4118 probatorium
548 4030 792 4097 instituendum
817 4033 974 4098 decernit.
989 4035 1028 4118 (5.
1054 4033 1145 4119 221.)
1170 4033 1251 4115 Reo,
1276 4035 1305 4100 si
1318 4033 1479 4122 postulet,
1498 4057 1556 4122 pa-

296 4119 430 4186 titionis
453 4121 494 4184 ab
518 4126 630 4186 actore
654 4120 778 4206 scripto
801 4121 990 4207 propositae
1014 4121 1066 4187 vel
1114 4129 1275 4204 actorum,
1300 4123 1334 4186 in
1371 4143 1457 4210 quae
1482 4145 1556 4189 ore·

297 4217 395 4275 tenus
418 4207 508 4275 facta
529 4210 648 4296 petitio
672 4211 794 4274 actoris
816 4210 953 4276 redacta
978 4210 1034 4290 sit,
1059 4211 1153 4298 copia
1177 4209 1387 4277 extrudenda
1422 4218 1457 4275 et
1481 4215 1553 4277 ter-

297 4299 404 4362 minus
427 4295 637 4376 statuendus,
663 4297 754 4362 intra
777 4319 871 4385 quem
899 4320 1093 4386 responsum
1118 4299 1171 4365 vel
1209 4301 1334 4386 scripto
1378 4297 1552 4379 exhibeat,

298 4383 351 4451 vel
374 4385 408 4451 in
432 4391 507 4451 acta
530 4384 744 4470 redigendum
771 4389 847 4451 viva
873 4409 951 4453 voce
996 4393 1155 4474 praestet.
1203 4387 1301 4453 Alias
1325 4388 1555 4473 separationis

296 4472 562 4560 pronunciandae
585 4476 702 4562 petitio
726 4474 790 4562 ipsi
814 4475 1039 4562 praelegatur,
1065 4480 1208 4563 atquae
1232 4475 1275 4542 ad
1298 4498 1342 4556 se,
1379 4481 1412 4540 61
1438 4476 1558 4562 conju-

296 4561 373 4647 gale
396 4562 487 4629 vitae
511 4562 740 4629 commercium
765 4564 927 4629 tuendum
950 4564 1124 4639 adtulerit,
1161 4564 1196 4629 in
1232 4571 1308 4630 1111
1340 4562 1558 4648 redigantur,

298 4649 369 4718 sive
391 4649 434 4716 ad
455 4651 676 4738 protocollum
701 4657 930 4718 assumantur.
957 4658 1000 4736 (ξ.
1027 4652 1119 4737 222.)
