<?xml version="1.0" encoding="UTF-8"?>
<!DOCTYPE html PUBLIC "-//W3C//DTD XHTML 1.0 Transitional//EN"
    "http://www.w3.org/TR/xhtml1/DTD/xhtml1-transitional.dtd">
<html xmlns="http://www.w3.org/1999/xhtml" xml:lang="en" lang="en">
 <head>
  <title>
</title>
<meta http-equiv="Content-Type" content="text/html;charset=utf-8" />
  <meta name='ocr-system' content='tesseract 3.04.00' />
  <meta name='ocr-capabilities' content='ocr_page ocr_carea ocr_par ocr_line ocrx_word'/>
</head>
<body>
  <div class='ocr_page' id='page_1' title='image "./enchiridionjuri00pappgoog_0354.png"; bbox 0 0 3426 5368; ppageno 0'>
   <div class='ocr_carea' id='block_1_1' title="bbox 763 362 828 429">
    <p class='ocr_par' dir='ltr' id='par_1_1' title="bbox 763 362 828 429">
     <span class='ocr_line' id='line_1_1' title="bbox 763 362 828 429; baseline 0 -1"><span class='ocrx_word' id='word_1_1' title='bbox 763 362 828 429; x_wconf 77' lang='lat'><strong>323</strong></span> 
     </span>
    </p>
   </div>
   <div class='ocr_carea' id='block_1_2' title="bbox 690 458 895 468">
    <p class='ocr_par' dir='ltr' id='par_1_2' title="bbox 690 458 895 468">
     <span class='ocr_line' id='line_1_2' title="bbox 690 458 895 468; baseline 0.005 -2"><span class='ocrx_word' id='word_1_2' title='bbox 690 458 895 468; x_wconf 71' lang='lat'><strong>---—-—--</strong></span> 
     </span>
    </p>
   </div>
   <div class='ocr_carea' id='block_1_3' title="bbox 165 580 1416 670">
    <p class='ocr_par' dir='ltr' id='par_1_3' title="bbox 165 580 1416 670">
     <span class='ocr_line' id='line_1_3' title="bbox 165 580 1416 670; baseline 0.002 -22"><span class='ocrx_word' id='word_1_3' title='bbox 165 580 298 648; x_wconf 86' lang='lat' dir='ltr'><strong>irritum</strong></span> <span class='ocrx_word' id='word_1_4' title='bbox 320 605 401 664; x_wconf 89' lang='lat' dir='ltr'><strong>csse,</strong></span> <span class='ocrx_word' id='word_1_5' title='bbox 425 605 465 652; x_wconf 84' lang='lat' dir='ltr'><strong>cx</strong></span> <span class='ocrx_word' id='word_1_6' title='bbox 487 583 597 651; x_wconf 87' lang='lat' dir='ltr'><strong>officio</strong></span> <span class='ocrx_word' id='word_1_7' title='bbox 621 583 784 670; x_wconf 82' lang='lat' dir='ltr'><strong>agendum</strong></span> <span class='ocrx_word' id='word_1_8' title='bbox 821 587 882 664; x_wconf 88' lang='lat' dir='ltr'><strong>est,</strong></span> <span class='ocrx_word' id='word_1_9' title='bbox 906 587 946 650; x_wconf 90' lang='lat' dir='ltr'><strong>ut</strong></span> <span class='ocrx_word' id='word_1_10' title='bbox 980 581 1033 650; x_wconf 89' lang='lat' dir='ltr'><strong>vel</strong></span> <span class='ocrx_word' id='word_1_11' title='bbox 1056 581 1306 650; x_wconf 78' lang='lat' dir='ltr'><strong>matrimonium</strong></span> <span class='ocrx_word' id='word_1_12' title='bbox 1341 603 1416 652; x_wconf 92' lang='lat' dir='ltr'><strong>con·</strong></span> 
     </span>
    </p>
   </div>
   <div class='ocr_carea' id='block_1_4' title="bbox 164 669 1417 849">
    <p class='ocr_par' dir='ltr' id='par_1_4' title="bbox 164 669 1417 849">
     <span class='ocr_line' id='line_1_4' title="bbox 164 669 1417 761; baseline 0.003 -25"><span class='ocrx_word' id='word_1_13' title='bbox 164 669 343 750; x_wconf 87' lang='lat' dir='ltr'><strong>validetnr,</strong></span> <span class='ocrx_word' id='word_1_14' title='bbox 378 672 433 738; x_wconf 88' lang='lat' dir='ltr'><strong>vel</strong></span> <span class='ocrx_word' id='word_1_15' title='bbox 465 681 653 761; x_wconf 88' lang='lat' dir='ltr'><strong>competens</strong></span> <span class='ocrx_word' id='word_1_16' title='bbox 685 677 860 741; x_wconf 88' lang='lat' dir='ltr'><strong>accusator</strong></span> <span class='ocrx_word' id='word_1_17' title='bbox 893 671 1054 739; x_wconf 88' lang='lat' dir='ltr'><strong>adversus</strong></span> <span class='ocrx_word' id='word_1_18' title='bbox 1089 670 1338 740; x_wconf 79' lang='lat' dir='ltr'><strong>matrimonium</strong></span> <span class='ocrx_word' id='word_1_19' title='bbox 1366 693 1417 740; x_wconf 89' lang='lat' dir='ltr'><strong>re·</strong></span> 
     </span>
     <span class='ocr_line' id='line_1_5' title="bbox 164 756 483 849; baseline 0.006 -25"><span class='ocrx_word' id='word_1_20' title='bbox 164 756 295 825; x_wconf 89' lang='lat' dir='ltr'><strong>clamat.</strong></span> <span class='ocrx_word' id='word_1_21' title='bbox 319 757 367 849; x_wconf 53' lang='grc' dir='ltr'><strong>(ᾗ.</strong></span> <span class='ocrx_word' id='word_1_22' title='bbox 392 758 483 840; x_wconf 81' lang='lat'>132)</span> 
     </span>
    </p>
   </div>
   <div class='ocr_carea' id='block_1_5' title="bbox 164 923 1417 1185">
    <p class='ocr_par' dir='ltr' id='par_1_5' title="bbox 164 923 1417 1185">
     <span class='ocr_line' id='line_1_6' title="bbox 164 923 1417 1046; baseline 0.002 -13"><span class='ocrx_word' id='word_1_23' title='bbox 164 953 198 1046; x_wconf 71' lang='lat'><strong>§-</strong></span> <span class='ocrx_word' id='word_1_24' title='bbox 230 923 323 1034; x_wconf 76' lang='lat'><strong>197.</strong></span> <span class='ocrx_word' id='word_1_25' title='bbox 360 953 735 1038; x_wconf 88' lang='lat' dir='ltr'><strong>Praemittendum</strong></span> <span class='ocrx_word' id='word_1_26' title='bbox 777 956 1002 1036; x_wconf 90' lang='lat' dir='ltr'><strong>tentamen</strong></span> <span class='ocrx_word' id='word_1_27' title='bbox 1042 952 1417 1036; x_wconf 77' lang='lat' dir='ltr'><strong>reconciliationis</strong></span> 
     </span>
     <span class='ocr_line' id='line_1_7' title="bbox 662 1080 912 1185; baseline -0.028 -22"><span class='ocrx_word' id='word_1_28' title='bbox 662 1080 912 1185; x_wconf 85' lang='lat' dir='ltr'><strong>conjugum.</strong></span> 
     </span>
    </p>
   </div>
   <div class='ocr_carea' id='block_1_6' title="bbox 163 1223 1426 2812">
    <p class='ocr_par' dir='ltr' id='par_1_6' title="bbox 163 1223 1426 2812">
     <span class='ocr_line' id='line_1_8' title="bbox 262 1223 1419 1315; baseline 0.003 -27"><span class='ocrx_word' id='word_1_29' title='bbox 262 1223 389 1305; x_wconf 76' lang='lat' dir='ltr'><strong>Quodsi</strong></span> <span class='ocrx_word' id='word_1_30' title='bbox 433 1225 701 1313; x_wconf 77' lang='lat' dir='ltr'><strong>impedimentum</strong></span> <span class='ocrx_word' id='word_1_31' title='bbox 725 1229 759 1293; x_wconf 91' lang='lat' dir='ltr'><strong>in</strong></span> <span class='ocrx_word' id='word_1_32' title='bbox 782 1227 838 1315; x_wconf 90' lang='lat' dir='ltr'><strong>jus</strong></span> <span class='ocrx_word' id='word_1_33' title='bbox 861 1226 1042 1292; x_wconf 91' lang='lat' dir='ltr'><strong>adductum</strong></span> <span class='ocrx_word' id='word_1_34' title='bbox 1089 1223 1158 1292; x_wconf 92' lang='lat' dir='ltr'><strong>tale</strong></span> <span class='ocrx_word' id='word_1_35' title='bbox 1195 1224 1252 1305; x_wconf 90' lang='lat' dir='ltr'><strong>sit,</strong></span> <span class='ocrx_word' id='word_1_36' title='bbox 1277 1231 1315 1292; x_wconf 92' lang='lat' dir='ltr'><strong>ut</strong></span> <span class='ocrx_word' id='word_1_37' title='bbox 1341 1245 1419 1313; x_wconf 89' lang='lat' dir='ltr'><strong>quo·</strong></span> 
     </span>
     <span class='ocr_line' id='line_1_9' title="bbox 165 1309 1417 1400; baseline 0.002 -25"><span class='ocrx_word' id='word_1_38' title='bbox 165 1309 391 1400; x_wconf 85' lang='lat' dir='ltr'><strong>niodoounque</strong></span> <span class='ocrx_word' id='word_1_39' title='bbox 415 1335 451 1379; x_wconf 90' lang='lat' dir='ltr'><strong>se</strong></span> <span class='ocrx_word' id='word_1_40' title='bbox 485 1336 538 1381; x_wconf 90' lang='lat' dir='ltr'><strong>res</strong></span> <span class='ocrx_word' id='word_1_41' title='bbox 567 1315 698 1397; x_wconf 82' lang='lat' dir='ltr'><strong>habeat,</strong></span> <span class='ocrx_word' id='word_1_42' title='bbox 746 1337 925 1383; x_wconf 82' lang='lat' dir='ltr'><strong>consensus</strong></span> <span class='ocrx_word' id='word_1_43' title='bbox 970 1311 1123 1399; x_wconf 86' lang='lat' dir='ltr'><strong>conjugis</strong></span> <span class='ocrx_word' id='word_1_44' title='bbox 1170 1313 1417 1380; x_wconf 75' lang='lat' dir='ltr'><strong>matrimonium</strong></span> 
     </span>
     <span class='ocr_line' id='line_1_10' title="bbox 164 1400 1421 1483; baseline 0.002 -19"><span class='ocrx_word' id='word_1_45' title='bbox 164 1401 353 1465; x_wconf 91' lang='lat' dir='ltr'><strong>accusantis</strong></span> <span class='ocrx_word' id='word_1_46' title='bbox 377 1401 419 1466; x_wconf 89' lang='lat' dir='ltr'><strong>ad</strong></span> <span class='ocrx_word' id='word_1_47' title='bbox 442 1401 525 1467; x_wconf 90' lang='lat' dir='ltr'><strong>illud</strong></span> <span class='ocrx_word' id='word_1_48' title='bbox 549 1403 783 1471; x_wconf 86' lang='lat' dir='ltr'><strong>removendum</strong></span> <span class='ocrx_word' id='word_1_49' title='bbox 829 1403 986 1483; x_wconf 82' lang='lat' dir='ltr'><strong>sufficiat,</strong></span> <span class='ocrx_word' id='word_1_50' title='bbox 1023 1402 1129 1466; x_wconf 90' lang='lat' dir='ltr'><strong>medic</strong></span> <span class='ocrx_word' id='word_1_51' title='bbox 1165 1400 1325 1467; x_wconf 91' lang='lat' dir='ltr'><strong>ordinarii</strong></span> <span class='ocrx_word' id='word_1_52' title='bbox 1350 1400 1421 1468; x_wconf 87' lang='lat' dir='ltr'><strong>ani·</strong></span> 
     </span>
     <span class='ocr_line' id='line_1_11' title="bbox 165 1486 1418 1581; baseline 0.004 -31"><span class='ocrx_word' id='word_1_53' title='bbox 165 1508 292 1553; x_wconf 90' lang='lat' dir='ltr'><strong>marum</strong></span> <span class='ocrx_word' id='word_1_54' title='bbox 317 1486 501 1571; x_wconf 83' lang='lat' dir='ltr'><strong>Curatoris,</strong></span> <span class='ocrx_word' id='word_1_55' title='bbox 526 1499 587 1557; x_wconf 90' lang='lat' dir='ltr'><strong>aut</strong></span> <span class='ocrx_word' id='word_1_56' title='bbox 610 1514 668 1581; x_wconf 94' lang='lat' dir='ltr'><strong>pro</strong></span> <span class='ocrx_word' id='word_1_57' title='bbox 692 1497 832 1558; x_wconf 88' lang='lat' dir='ltr'><strong>renata</strong></span> <span class='ocrx_word' id='word_1_58' title='bbox 855 1491 995 1557; x_wconf 89' lang='lat' dir='ltr'><strong>alterius</strong></span> <span class='ocrx_word' id='word_1_59' title='bbox 1012 1487 1195 1554; x_wconf 88' lang='lat' dir='ltr'><strong>sacerdotis</strong></span> <span class='ocrx_word' id='word_1_60' title='bbox 1218 1488 1418 1555; x_wconf 89' lang='lat' dir='ltr'><strong>tentandum</strong></span> 
     </span>
     <span class='ocr_line' id='line_1_12' title="bbox 164 1575 1418 1668; baseline 0.004 -29"><span class='ocrx_word' id='word_1_61' title='bbox 164 1581 225 1656; x_wconf 89' lang='lat' dir='ltr'><strong>est,</strong></span> <span class='ocrx_word' id='word_1_62' title='bbox 250 1585 291 1640; x_wconf 89' lang='lat' dir='ltr'><strong>ut</strong></span> <span class='ocrx_word' id='word_1_63' title='bbox 315 1575 595 1644; x_wconf 86' lang='lat' dir='ltr'><strong>admonitionibus</strong></span> <span class='ocrx_word' id='word_1_64' title='bbox 620 1581 816 1668; x_wconf 86' lang='lat' dir='ltr'><strong>opportunis</strong></span> <span class='ocrx_word' id='word_1_65' title='bbox 839 1601 916 1667; x_wconf 90' lang='lat' dir='ltr'><strong>pars</strong></span> <span class='ocrx_word' id='word_1_66' title='bbox 947 1576 1193 1643; x_wconf 86' lang='lat' dir='ltr'><strong>matrimonium</strong></span> <span class='ocrx_word' id='word_1_67' title='bbox 1218 1577 1418 1666; x_wconf 87' lang='lat' dir='ltr'><strong>impugnans</strong></span> 
     </span>
     <span class='ocr_line' id='line_1_13' title="bbox 164 1663 1421 1756; baseline 0.002 -28"><span class='ocrx_word' id='word_1_68' title='bbox 164 1663 204 1728; x_wconf 91' lang='lat' dir='ltr'><strong>ad</strong></span> <span class='ocrx_word' id='word_1_69' title='bbox 229 1685 423 1730; x_wconf 89' lang='lat' dir='ltr'><strong>consensum</strong></span> <span class='ocrx_word' id='word_1_70' title='bbox 459 1668 684 1735; x_wconf 88' lang='lat' dir='ltr'><strong>renovandum</strong></span> <span class='ocrx_word' id='word_1_71' title='bbox 731 1672 975 1756; x_wconf 82' lang='lat' dir='ltr'><strong>permoveatur,</strong></span> <span class='ocrx_word' id='word_1_72' title='bbox 1004 1670 1064 1731; x_wconf 89' lang='lat' dir='ltr'><strong>aut</strong></span> <span class='ocrx_word' id='word_1_73' title='bbox 1097 1687 1158 1753; x_wconf 91' lang='lat' dir='ltr'><strong>pro</strong></span> <span class='ocrx_word' id='word_1_74' title='bbox 1182 1686 1218 1730; x_wconf 90' lang='lat' dir='ltr'><strong>re</strong></span> <span class='ocrx_word' id='word_1_75' title='bbox 1241 1673 1323 1732; x_wconf 89' lang='lat' dir='ltr'><strong>nata</strong></span> <span class='ocrx_word' id='word_1_76' title='bbox 1347 1687 1421 1734; x_wconf 91' lang='lat' dir='ltr'><strong>con-</strong></span> 
     </span>
     <span class='ocr_line' id='line_1_14' title="bbox 164 1750 1421 1841; baseline 0.002 -25"><span class='ocrx_word' id='word_1_77' title='bbox 164 1773 282 1818; x_wconf 90' lang='lat' dir='ltr'><strong>sensus</strong></span> <span class='ocrx_word' id='word_1_78' title='bbox 306 1750 488 1819; x_wconf 84' lang='lat' dir='ltr'><strong>declaratio</strong></span> <span class='ocrx_word' id='word_1_79' title='bbox 511 1777 620 1823; x_wconf 91' lang='lat' dir='ltr'><strong>coram</strong></span> <span class='ocrx_word' id='word_1_80' title='bbox 644 1757 793 1823; x_wconf 91' lang='lat' dir='ltr'><strong>Parocho</strong></span> <span class='ocrx_word' id='word_1_81' title='bbox 817 1763 852 1822; x_wconf 89' lang='lat' dir='ltr'><strong>et</strong></span> <span class='ocrx_word' id='word_1_82' title='bbox 875 1756 1003 1820; x_wconf 89' lang='lat' dir='ltr'><strong>duobus</strong></span> <span class='ocrx_word' id='word_1_83' title='bbox 1020 1754 1165 1819; x_wconf 84' lang='lat' dir='ltr'><strong>testibus</strong></span> <span class='ocrx_word' id='word_1_84' title='bbox 1187 1755 1356 1841; x_wconf 83' lang='lat' dir='ltr'><strong>iteretur;</strong></span> <span class='ocrx_word' id='word_1_85' title='bbox 1379 1755 1421 1819; x_wconf 91' lang='lat' dir='ltr'><strong>de</strong></span> 
     </span>
     <span class='ocr_line' id='line_1_15' title="bbox 163 1840 1420 1932; baseline 0.001 -26"><span class='ocrx_word' id='word_1_86' title='bbox 163 1861 227 1924; x_wconf 88' lang='lat' dir='ltr'><strong>quo</strong></span> <span class='ocrx_word' id='word_1_87' title='bbox 252 1861 406 1908; x_wconf 86' lang='lat' dir='ltr'><strong>successu</strong></span> <span class='ocrx_word' id='word_1_88' title='bbox 428 1841 603 1911; x_wconf 81' lang='lat' dir='ltr'><strong>Tribunali</strong></span> <span class='ocrx_word' id='word_1_89' title='bbox 627 1845 746 1911; x_wconf 88' lang='lat' dir='ltr'><strong>relatio</strong></span> <span class='ocrx_word' id='word_1_90' title='bbox 759 1842 961 1932; x_wconf 90' lang='lat' dir='ltr'><strong>praestanda</strong></span> <span class='ocrx_word' id='word_1_91' title='bbox 974 1849 1034 1908; x_wconf 91' lang='lat' dir='ltr'><strong>est.</strong></span> <span class='ocrx_word' id='word_1_92' title='bbox 1052 1840 1104 1931; x_wconf 58' lang='grc' dir='ltr'><strong>(ξ.</strong></span> <span class='ocrx_word' id='word_1_93' title='bbox 1118 1842 1206 1929; x_wconf 89' lang='grc'>133.)</span> <span class='ocrx_word' id='word_1_94' title='bbox 1220 1841 1420 1908; x_wconf 86' lang='lat' dir='ltr'><strong>Tentamine</strong></span> 
     </span>
     <span class='ocr_line' id='line_1_16' title="bbox 163 1929 1420 2019; baseline 0 -25"><span class='ocrx_word' id='word_1_95' title='bbox 163 1950 243 1995; x_wconf 87' lang='lat' dir='ltr'><strong>vero</strong></span> <span class='ocrx_word' id='word_1_96' title='bbox 267 1929 549 2004; x_wconf 77' lang='lat' dir='ltr'><strong>reconciliationis</strong></span> <span class='ocrx_word' id='word_1_97' title='bbox 571 1955 636 2000; x_wconf 93' lang='lat' dir='ltr'><strong>non</strong></span> <span class='ocrx_word' id='word_1_98' title='bbox 661 1933 857 2000; x_wconf 87' lang='lat' dir='ltr'><strong>succedente</strong></span> <span class='ocrx_word' id='word_1_99' title='bbox 881 1939 982 2019; x_wconf 89' lang='lat' dir='ltr'><strong>atque</strong></span> <span class='ocrx_word' id='word_1_100' title='bbox 997 1937 1095 2018; x_wconf 87' lang='lat' dir='ltr'><strong>parta</strong></span> <span class='ocrx_word' id='word_1_101' title='bbox 1116 1933 1264 1998; x_wconf 89' lang='lat' dir='ltr'><strong>Actorea</strong></span> <span class='ocrx_word' id='word_1_102' title='bbox 1279 1929 1420 1996; x_wconf 89' lang='lat' dir='ltr'><strong>consilio</strong></span> 
     </span>
     <span class='ocr_line' id='line_1_17' title="bbox 165 2017 1421 2106; baseline 0 -22"><span class='ocrx_word' id='word_1_103' title='bbox 165 2023 262 2106; x_wconf 89' lang='lat' dir='ltr'><strong>capto</strong></span> <span class='ocrx_word' id='word_1_104' title='bbox 286 2017 465 2083; x_wconf 86' lang='lat' dir='ltr'><strong>insistente</strong></span> <span class='ocrx_word' id='word_1_105' title='bbox 511 2021 798 2088; x_wconf 85' lang='lat' dir='ltr'><strong>commissicnatus</strong></span> <span class='ocrx_word' id='word_1_106' title='bbox 845 2019 1040 2086; x_wconf 79' lang='lat' dir='ltr'><strong>Tribunalis</strong></span> <span class='ocrx_word' id='word_1_107' title='bbox 1072 2017 1116 2084; x_wconf 90' lang='lat' dir='ltr'><strong>ad</strong></span> <span class='ocrx_word' id='word_1_108' title='bbox 1150 2017 1347 2086; x_wconf 84' lang='lat' dir='ltr'><strong>tentandam</strong></span> <span class='ocrx_word' id='word_1_109' title='bbox 1370 2039 1421 2084; x_wconf 90' lang='lat' dir='ltr'><strong>re·</strong></span> 
     </span>
     <span class='ocr_line' id='line_1_18' title="bbox 165 2104 1421 2198; baseline 0 -26"><span class='ocrx_word' id='word_1_110' title='bbox 165 2104 430 2172; x_wconf 83' lang='lat' dir='ltr'><strong>conciliationem</strong></span> <span class='ocrx_word' id='word_1_111' title='bbox 453 2129 667 2198; x_wconf 88' lang='lat' dir='ltr'><strong>quaecunque</strong></span> <span class='ocrx_word' id='word_1_112' title='bbox 691 2109 732 2179; x_wconf 90' lang='lat' dir='ltr'><strong>de</strong></span> <span class='ocrx_word' id='word_1_113' title='bbox 754 2108 865 2188; x_wconf 87' lang='lat' dir='ltr'><strong>factis,</strong></span> <span class='ocrx_word' id='word_1_114' title='bbox 899 2130 917 2173; x_wconf 91' lang='lat' dir='ltr'><strong>a</strong></span> <span class='ocrx_word' id='word_1_115' title='bbox 950 2108 1068 2195; x_wconf 90' lang='lat' dir='ltr'><strong>quibus</strong></span> <span class='ocrx_word' id='word_1_116' title='bbox 1102 2106 1193 2173; x_wconf 84' lang='lat' dir='ltr'><strong>valor</strong></span> <span class='ocrx_word' id='word_1_117' title='bbox 1216 2105 1421 2174; x_wconf 90' lang='lat' dir='ltr'><strong>matrimonii</strong></span> 
     </span>
     <span class='ocr_line' id='line_1_19' title="bbox 165 2192 1422 2286; baseline 0.001 -27"><span class='ocrx_word' id='word_1_118' title='bbox 165 2193 314 2261; x_wconf 89' lang='lat' dir='ltr'><strong>accusati</strong></span> <span class='ocrx_word' id='word_1_119' title='bbox 338 2192 510 2282; x_wconf 88' lang='lat' dir='ltr'><strong>dependet,</strong></span> <span class='ocrx_word' id='word_1_120' title='bbox 534 2197 717 2286; x_wconf 88' lang='lat' dir='ltr'><strong>comperire</strong></span> <span class='ocrx_word' id='word_1_121' title='bbox 738 2197 897 2286; x_wconf 87' lang='lat' dir='ltr'><strong>potuerit,</strong></span> <span class='ocrx_word' id='word_1_122' title='bbox 934 2217 1042 2261; x_wconf 91' lang='lat' dir='ltr'><strong>coram</strong></span> <span class='ocrx_word' id='word_1_123' title='bbox 1072 2194 1249 2263; x_wconf 80' lang='lat' dir='ltr'><strong>Tribunali</strong></span> <span class='ocrx_word' id='word_1_124' title='bbox 1272 2217 1332 2283; x_wconf 89' lang='lat' dir='ltr'><strong>per</strong></span> <span class='ocrx_word' id='word_1_125' title='bbox 1354 2194 1422 2260; x_wconf 89' lang='lat' dir='ltr'><strong>sin-</strong></span> 
     </span>
     <span class='ocr_line' id='line_1_20' title="bbox 165 2281 1423 2371; baseline -0.002 -22"><span class='ocrx_word' id='word_1_126' title='bbox 165 2305 272 2349; x_wconf 87' lang='lat' dir='ltr'><strong>ceram</strong></span> <span class='ocrx_word' id='word_1_127' title='bbox 298 2286 333 2348; x_wconf 92' lang='lat' dir='ltr'><strong>et</strong></span> <span class='ocrx_word' id='word_1_128' title='bbox 355 2284 629 2352; x_wconf 85' lang='lat' dir='ltr'><strong>conscientiosam</strong></span> <span class='ocrx_word' id='word_1_129' title='bbox 652 2284 847 2351; x_wconf 86' lang='lat' dir='ltr'><strong>relationem</strong></span> <span class='ocrx_word' id='word_1_130' title='bbox 883 2285 1031 2370; x_wconf 88' lang='lat' dir='ltr'><strong>detegat.</strong></span> <span class='ocrx_word' id='word_1_131' title='bbox 1069 2284 1109 2368; x_wconf 62' lang='grc' dir='ltr'><strong>(ᾖ.</strong></span> <span class='ocrx_word' id='word_1_132' title='bbox 1135 2283 1225 2371; x_wconf 86' lang='grc'><strong>135.)</strong></span> <span class='ocrx_word' id='word_1_133' title='bbox 1271 2281 1423 2368; x_wconf 82' lang='lat' dir='ltr'><strong>Quodsi</strong></span> 
     </span>
     <span class='ocr_line' id='line_1_21' title="bbox 166 2369 1422 2460; baseline -0.001 -25"><span class='ocrx_word' id='word_1_134' title='bbox 166 2393 206 2436; x_wconf 80' lang='lat' dir='ltr'><strong>ea</strong></span> <span class='ocrx_word' id='word_1_135' title='bbox 229 2369 393 2436; x_wconf 88' lang='lat' dir='ltr'><strong>relatione</strong></span> <span class='ocrx_word' id='word_1_136' title='bbox 416 2380 586 2460; x_wconf 85' lang='lat' dir='ltr'><strong>appareat,</strong></span> <span class='ocrx_word' id='word_1_137' title='bbox 611 2379 671 2440; x_wconf 91' lang='lat' dir='ltr'><strong>aut</strong></span> <span class='ocrx_word' id='word_1_138' title='bbox 694 2395 789 2439; x_wconf 88' lang='lat' dir='ltr'><strong>secus</strong></span> <span class='ocrx_word' id='word_1_139' title='bbox 812 2378 945 2438; x_wconf 88' lang='lat' dir='ltr'><strong>constet</strong></span> <span class='ocrx_word' id='word_1_140' title='bbox 968 2370 1142 2458; x_wconf 87' lang='lat' dir='ltr'><strong>conjugem</strong></span> <span class='ocrx_word' id='word_1_141' title='bbox 1165 2376 1219 2458; x_wconf 86' lang='lat' dir='ltr'><strong>jus</strong></span> <span class='ocrx_word' id='word_1_142' title='bbox 1243 2369 1422 2439; x_wconf 89' lang='lat' dir='ltr'><strong>accusandi</strong></span> 
     </span>
     <span class='ocr_line' id='line_1_22' title="bbox 165 2457 1422 2560; baseline -0.001 -36"><span class='ocrx_word' id='word_1_143' title='bbox 165 2457 253 2560; x_wconf 68' lang='lat' dir='ltr'><strong>qnod</strong></span> <span class='ocrx_word' id='word_1_144' title='bbox 275 2457 395 2522; x_wconf 90' lang='lat' dir='ltr'><strong>habuit</strong></span> <span class='ocrx_word' id='word_1_145' title='bbox 418 2461 578 2543; x_wconf 88' lang='lat' dir='ltr'><strong>amisisse,</strong></span> <span class='ocrx_word' id='word_1_146' title='bbox 603 2468 664 2528; x_wconf 90' lang='lat' dir='ltr'><strong>aut</strong></span> <span class='ocrx_word' id='word_1_147' title='bbox 687 2483 764 2527; x_wconf 88' lang='lat' dir='ltr'><strong>vero</strong></span> <span class='ocrx_word' id='word_1_148' title='bbox 796 2460 931 2540; x_wconf 83' lang='lat' dir='ltr'><strong>factum,</strong></span> <span class='ocrx_word' id='word_1_149' title='bbox 964 2460 1017 2527; x_wconf 91' lang='lat' dir='ltr'><strong>cui</strong></span> <span class='ocrx_word' id='word_1_150' title='bbox 1056 2460 1226 2526; x_wconf 85' lang='lat' dir='ltr'><strong>accusatio</strong></span> <span class='ocrx_word' id='word_1_151' title='bbox 1250 2460 1422 2540; x_wconf 90' lang='lat' dir='ltr'><strong>innititur,</strong></span> 
     </span>
     <span class='ocr_line' id='line_1_23' title="bbox 164 2545 1425 2636; baseline -0.001 -24"><span class='ocrx_word' id='word_1_152' title='bbox 164 2545 373 2612; x_wconf 73' lang='lat' dir='ltr'><strong>insufficiens</strong></span> <span class='ocrx_word' id='word_1_153' title='bbox 395 2548 527 2634; x_wconf 89' lang='lat' dir='ltr'><strong>quidem</strong></span> <span class='ocrx_word' id='word_1_154' title='bbox 552 2557 652 2631; x_wconf 88' lang='lat' dir='ltr'><strong>esset,</strong></span> <span class='ocrx_word' id='word_1_155' title='bbox 675 2557 825 2616; x_wconf 90' lang='lat' dir='ltr'><strong>attamen</strong></span> <span class='ocrx_word' id='word_1_156' title='bbox 856 2547 1051 2614; x_wconf 85' lang='lat' dir='ltr'><strong>assertionis</strong></span> <span class='ocrx_word' id='word_1_157' title='bbox 1089 2546 1224 2614; x_wconf 82' lang='lat' dir='ltr'><strong>falsitas</strong></span> <span class='ocrx_word' id='word_1_158' title='bbox 1247 2548 1282 2614; x_wconf 95' lang='lat' dir='ltr'><strong>in</strong></span> <span class='ocrx_word' id='word_1_159' title='bbox 1305 2568 1425 2636; x_wconf 90' lang='lat' dir='ltr'><strong>propa·</strong></span> 
     </span>
     <span class='ocr_line' id='line_1_24' title="bbox 166 2635 1426 2726; baseline 0.001 -26"><span class='ocrx_word' id='word_1_160' title='bbox 166 2635 238 2700; x_wconf 89' lang='lat' dir='ltr'><strong>tulo</strong></span> <span class='ocrx_word' id='word_1_161' title='bbox 262 2639 361 2714; x_wconf 87' lang='lat' dir='ltr'><strong>esset,</strong></span> <span class='ocrx_word' id='word_1_162' title='bbox 386 2635 474 2701; x_wconf 88' lang='lat' dir='ltr'><strong>actio</strong></span> <span class='ocrx_word' id='word_1_163' title='bbox 491 2636 587 2722; x_wconf 28' lang='lat' dir='ltr'><strong>,haud</strong></span> <span class='ocrx_word' id='word_1_164' title='bbox 610 2635 827 2716; x_wconf 88' lang='lat' dir='ltr'><strong>admittenda,</strong></span> <span class='ocrx_word' id='word_1_165' title='bbox 866 2642 901 2702; x_wconf 88' lang='lat' dir='ltr'><strong>et</strong></span> <span class='ocrx_word' id='word_1_166' title='bbox 939 2635 1089 2702; x_wconf 89' lang='lat' dir='ltr'><strong>Actora</strong></span> <span class='ocrx_word' id='word_1_167' title='bbox 1112 2639 1219 2723; x_wconf 91' lang='lat' dir='ltr'><strong>petito</strong></span> <span class='ocrx_word' id='word_1_168' title='bbox 1243 2637 1278 2701; x_wconf 91' lang='lat' dir='ltr'><strong>ui</strong></span> <span class='ocrx_word' id='word_1_169' title='bbox 1304 2655 1426 2726; x_wconf 89' lang='lat' dir='ltr'><strong>provo·</strong></span> 
     </span>
     <span class='ocr_line' id='line_1_25' title="bbox 166 2721 1288 2812; baseline 0.002 -23"><span class='ocrx_word' id='word_1_170' title='bbox 166 2731 262 2789; x_wconf 85' lang='lat' dir='ltr'><strong>catus</strong></span> <span class='ocrx_word' id='word_1_171' title='bbox 286 2721 438 2804; x_wconf 87' lang='lat' dir='ltr'><strong>desistat,</strong></span> <span class='ocrx_word' id='word_1_172' title='bbox 462 2747 521 2812; x_wconf 90' lang='lat' dir='ltr'><strong>per</strong></span> <span class='ocrx_word' id='word_1_173' title='bbox 542 2727 732 2793; x_wconf 87' lang='lat' dir='ltr'><strong>conclusum</strong></span> <span class='ocrx_word' id='word_1_174' title='bbox 767 2723 962 2791; x_wconf 80' lang='lat' dir='ltr'><strong>Tribunalis</strong></span> <span class='ocrx_word' id='word_1_175' title='bbox 996 2725 1200 2790; x_wconf 88' lang='lat' dir='ltr'><strong>amovendus</strong></span> <span class='ocrx_word' id='word_1_176' title='bbox 1225 2730 1288 2791; x_wconf 90' lang='lat' dir='ltr'><strong>est.</strong></span> 
     </span>
    </p>
   </div>
   <div class='ocr_carea' id='block_1_7' title="bbox 167 2920 1425 3160">
    <p class='ocr_par' dir='ltr' id='par_1_7' title="bbox 167 2920 1425 3160">
     <span class='ocr_line' id='line_1_26' title="bbox 167 2920 1425 3027; baseline 0.001 -23"><span class='ocrx_word' id='word_1_177' title='bbox 167 2925 201 3020; x_wconf 62' lang='grc' dir='ltr'><strong>ὅ.</strong></span> <span class='ocrx_word' id='word_1_178' title='bbox 237 2921 331 3004; x_wconf 89' lang='grc'><strong>198.</strong></span> <span class='ocrx_word' id='word_1_179' title='bbox 367 2921 551 3024; x_wconf 85' lang='lat' dir='ltr'><strong>Agenda</strong></span> <span class='ocrx_word' id='word_1_180' title='bbox 595 2923 779 3007; x_wconf 79' lang='lat' dir='ltr'><strong>obunctis</strong></span> <span class='ocrx_word' id='word_1_181' title='bbox 831 2923 1156 3026; x_wconf 88' lang='lat' dir='ltr'><strong>impedimentis</strong></span> <span class='ocrx_word' id='word_1_182' title='bbox 1192 2946 1219 3004; x_wconf 89' lang='lat' dir='ltr'><strong>a</strong></span> <span class='ocrx_word' id='word_1_183' title='bbox 1262 2920 1425 3027; x_wconf 85' lang='lat' dir='ltr'><strong>quibua</strong></span> 
     </span>
     <span class='ocr_line' id='line_1_27' title="bbox 435 3049 1154 3160; baseline 0 -30"><span class='ocrx_word' id='word_1_184' title='bbox 435 3049 637 3153; x_wconf 78' lang='lat' dir='ltr'><strong>Episcopi</strong></span> <span class='ocrx_word' id='word_1_185' title='bbox 672 3051 931 3160; x_wconf 79' lang='lat' dir='ltr'><strong>dispensare</strong></span> <span class='ocrx_word' id='word_1_186' title='bbox 958 3052 1154 3152; x_wconf 88' lang='lat' dir='ltr'><strong>possunt.</strong></span> 
     </span>
    </p>
   </div>
   <div class='ocr_carea' id='block_1_8' title="bbox 168 3193 1433 4079">
    <p class='ocr_par' dir='ltr' id='par_1_8' title="bbox 168 3193 1433 4079">
     <span class='ocr_line' id='line_1_28' title="bbox 253 3193 1428 3285; baseline 0.003 -27"><span class='ocrx_word' id='word_1_187' title='bbox 253 3193 394 3277; x_wconf 83' lang='lat' dir='ltr'><strong>Quando</strong></span> <span class='ocrx_word' id='word_1_188' title='bbox 417 3193 737 3283; x_wconf 80' lang='lat' dir='ltr'><strong>impedimentorum,</strong></span> <span class='ocrx_word' id='word_1_189' title='bbox 771 3217 856 3285; x_wconf 87' lang='lat' dir='ltr'><strong>quae</strong></span> <span class='ocrx_word' id='word_1_190' title='bbox 887 3198 914 3282; x_wconf 59' lang='grc' dir='ltr'><strong>ᾖ.</strong></span> <span class='ocrx_word' id='word_1_191' title='bbox 939 3194 992 3260; x_wconf 86' lang='grc'><strong>80.</strong></span> <span class='ocrx_word' id='word_1_192' title='bbox 1028 3193 1270 3262; x_wconf 89' lang='lat' dir='ltr'><strong>Instructionis</strong></span> <span class='ocrx_word' id='word_1_193' title='bbox 1294 3215 1428 3261; x_wconf 87' lang='lat' dir='ltr'><strong>enume-</strong></span> 
     </span>
     <span class='ocr_line' id='line_1_29' title="bbox 168 3281 1427 3372; baseline 0.002 -25"><span class='ocrx_word' id='word_1_194' title='bbox 168 3289 296 3361; x_wconf 85' lang='lat' dir='ltr'><strong>rantur,</strong></span> <span class='ocrx_word' id='word_1_195' title='bbox 332 3303 390 3369; x_wconf 89' lang='lat' dir='ltr'><strong>per</strong></span> <span class='ocrx_word' id='word_1_196' title='bbox 422 3281 606 3371; x_wconf 81' lang='lat' dir='ltr'><strong>Episcopus</strong></span> <span class='ocrx_word' id='word_1_197' title='bbox 652 3283 938 3371; x_wconf 85' lang='lat' dir='ltr'><strong>dispensabilium,</strong></span> <span class='ocrx_word' id='word_1_198' title='bbox 984 3281 1151 3372; x_wconf 89' lang='lat' dir='ltr'><strong>quoddam</strong></span> <span class='ocrx_word' id='word_1_199' title='bbox 1196 3282 1427 3364; x_wconf 85' lang='lat' dir='ltr'><strong>obmoveatur,</strong></span> 
     </span>
     <span class='ocr_line' id='line_1_30' title="bbox 168 3369 1429 3461; baseline 0.001 -27"><span class='ocrx_word' id='word_1_200' title='bbox 168 3369 340 3459; x_wconf 91' lang='lat' dir='ltr'><strong>inquisitio</strong></span> <span class='ocrx_word' id='word_1_201' title='bbox 364 3369 399 3436; x_wconf 88' lang='lat' dir='ltr'><strong>in</strong></span> <span class='ocrx_word' id='word_1_202' title='bbox 421 3370 528 3437; x_wconf 86' lang='lat' dir='ltr'><strong>forma</strong></span> <span class='ocrx_word' id='word_1_203' title='bbox 539 3373 623 3458; x_wconf 91' lang='lat' dir='ltr'><strong>juris</strong></span> <span class='ocrx_word' id='word_1_204' title='bbox 636 3370 845 3438; x_wconf 91' lang='lat' dir='ltr'><strong>instituenda</strong></span> <span class='ocrx_word' id='word_1_205' title='bbox 861 3377 1026 3461; x_wconf 90' lang='lat' dir='ltr'><strong>quantum</strong></span> <span class='ocrx_word' id='word_1_206' title='bbox 1045 3370 1119 3437; x_wconf 89' lang='lat' dir='ltr'><strong>fieri</strong></span> <span class='ocrx_word' id='word_1_207' title='bbox 1136 3376 1251 3460; x_wconf 90' lang='lat' dir='ltr'><strong>potest</strong></span> <span class='ocrx_word' id='word_1_208' title='bbox 1267 3369 1429 3438; x_wconf 85' lang='lat' dir='ltr'><strong>evitanda</strong></span> 
     </span>
     <span class='ocr_line' id='line_1_31' title="bbox 168 3457 1429 3548; baseline 0.001 -24"><span class='ocrx_word' id='word_1_209' title='bbox 168 3469 229 3524; x_wconf 88' lang='lat' dir='ltr'><strong>est.</strong></span> <span class='ocrx_word' id='word_1_210' title='bbox 253 3457 425 3546; x_wconf 89' lang='lat' dir='ltr'><strong>Plerisque</strong></span> <span class='ocrx_word' id='word_1_211' title='bbox 449 3459 578 3526; x_wconf 89' lang='lat' dir='ltr'><strong>casibus</strong></span> <span class='ocrx_word' id='word_1_212' title='bbox 602 3459 769 3526; x_wconf 87' lang='lat' dir='ltr'><strong>mediante</strong></span> <span class='ocrx_word' id='word_1_213' title='bbox 792 3459 882 3528; x_wconf 89' lang='lat' dir='ltr'><strong>clero</strong></span> <span class='ocrx_word' id='word_1_214' title='bbox 906 3458 1090 3548; x_wconf 89' lang='lat' dir='ltr'><strong>parochiali</strong></span> <span class='ocrx_word' id='word_1_215' title='bbox 1119 3459 1267 3526; x_wconf 88' lang='lat' dir='ltr'><strong>obtineri</strong></span> <span class='ocrx_word' id='word_1_216' title='bbox 1289 3461 1429 3546; x_wconf 85' lang='lat' dir='ltr'><strong>poterit,</strong></span> 
     </span>
     <span class='ocr_line' id='line_1_32' title="bbox 168 3545 1431 3636; baseline 0 -23"><span class='ocrx_word' id='word_1_217' title='bbox 168 3554 207 3613; x_wconf 93' lang='lat' dir='ltr'><strong>ut</strong></span> <span class='ocrx_word' id='word_1_218' title='bbox 229 3545 330 3612; x_wconf 91' lang='lat' dir='ltr'><strong>dubia</strong></span> <span class='ocrx_word' id='word_1_219' title='bbox 353 3546 479 3613; x_wconf 86' lang='lat' dir='ltr'><strong>iactum</strong></span> <span class='ocrx_word' id='word_1_220' title='bbox 503 3548 686 3614; x_wconf 87' lang='lat' dir='ltr'><strong>attinentia</strong></span> <span class='ocrx_word' id='word_1_221' title='bbox 709 3548 934 3627; x_wconf 88' lang='lat' dir='ltr'><strong>eliminentur,</strong></span> <span class='ocrx_word' id='word_1_222' title='bbox 971 3546 1217 3636; x_wconf 83' lang='lat' dir='ltr'><strong>[mpedimento</strong></span> <span class='ocrx_word' id='word_1_223' title='bbox 1265 3569 1300 3614; x_wconf 88' lang='lat' dir='ltr'><strong>er</strong></span> <span class='ocrx_word' id='word_1_224' title='bbox 1323 3545 1431 3613; x_wconf 91' lang='lat' dir='ltr'><strong>libros</strong></span> 
     </span>
     <span class='ocr_line' id='line_1_33' title="bbox 169 3570 1430 3788; baseline 0.003 -90"><span class='ocrx_word' id='word_1_225' title='bbox 169 3633 384 3788; x_wconf 74' lang='lat' dir='ltr'><strong>parochiales,</strong></span> <span class='ocrx_word' id='word_1_226' title='bbox 410 3634 462 3702; x_wconf 89' lang='lat' dir='ltr'><strong>vel</strong></span> <span class='ocrx_word' id='word_1_227' title='bbox 498 3634 725 3724; x_wconf 89' lang='lat' dir='ltr'><strong>depositiones</strong></span> <span class='ocrx_word' id='word_1_228' title='bbox 769 3635 959 3724; x_wconf 87' lang='lat' dir='ltr'><strong>fidedignas</strong></span> <span class='ocrx_word' id='word_1_229' title='bbox 990 3637 1215 3724; x_wconf 88' lang='lat' dir='ltr'><strong>comprobato,</strong></span> <span class='ocrx_word' id='word_1_230' title='bbox 1239 3570 1430 3724; x_wconf 56' lang='lat' dir='ltr'><strong>Episcopus</strong></span> 
     </span>
     <span class='ocr_line' id='line_1_34' title="bbox 190 3721 1432 3812; baseline -0.001 -24"><span class='ocrx_word' id='word_1_231' title='bbox 190 3721 447 3811; x_wconf 87' lang='lat' dir='ltr'><strong>ispensationem</strong></span> <span class='ocrx_word' id='word_1_232' title='bbox 492 3725 716 3812; x_wconf 87' lang='lat' dir='ltr'><strong>impertiatur,</strong></span> <span class='ocrx_word' id='word_1_233' title='bbox 746 3729 780 3790; x_wconf 89' lang='lat' dir='ltr'><strong>at</strong></span> <span class='ocrx_word' id='word_1_234' title='bbox 819 3746 934 3791; x_wconf 90' lang='lat' dir='ltr'><strong>curam</strong></span> <span class='ocrx_word' id='word_1_235' title='bbox 981 3724 1113 3806; x_wconf 87' lang='lat' dir='ltr'><strong>habeat,</strong></span> <span class='ocrx_word' id='word_1_236' title='bbox 1138 3729 1177 3791; x_wconf 89' lang='lat' dir='ltr'><strong>ut</strong></span> <span class='ocrx_word' id='word_1_237' title='bbox 1200 3721 1432 3792; x_wconf 88' lang='lat' dir='ltr'><strong>convalidatio</strong></span> 
     </span>
     <span class='ocr_line' id='line_1_35' title="bbox 169 3808 1433 3902; baseline -0.002 -24"><span class='ocrx_word' id='word_1_238' title='bbox 169 3812 239 3878; x_wconf 88' lang='lat' dir='ltr'><strong>sine</strong></span> <span class='ocrx_word' id='word_1_239' title='bbox 262 3808 419 3877; x_wconf 87' lang='lat' dir='ltr'><strong>scandalo</strong></span> <span class='ocrx_word' id='word_1_240' title='bbox 441 3817 632 3899; x_wconf 88' lang='lat' dir='ltr'><strong>peragatur.</strong></span> <span class='ocrx_word' id='word_1_241' title='bbox 680 3811 833 3900; x_wconf 88' lang='lat' dir='ltr'><strong>Urgente</strong></span> <span class='ocrx_word' id='word_1_242' title='bbox 871 3818 983 3880; x_wconf 89' lang='lat' dir='ltr'><strong>autem</strong></span> <span class='ocrx_word' id='word_1_243' title='bbox 1017 3811 1177 3902; x_wconf 87' lang='lat' dir='ltr'><strong>periculo,</strong></span> <span class='ocrx_word' id='word_1_244' title='bbox 1218 3834 1260 3878; x_wconf 90' lang='lat' dir='ltr'><strong>ne</strong></span> <span class='ocrx_word' id='word_1_245' title='bbox 1296 3809 1433 3898; x_wconf 84' lang='lat' dir='ltr'><strong>cojugea</strong></span> 
     </span>
     <span class='ocr_line' id='line_1_36' title="bbox 169 3895 1429 3987; baseline 0 -23"><span class='ocrx_word' id='word_1_246' title='bbox 169 3899 221 3966; x_wconf 86' lang='lat' dir='ltr'><strong>vel</strong></span> <span class='ocrx_word' id='word_1_247' title='bbox 245 3898 334 3964; x_wconf 89' lang='lat' dir='ltr'><strong>alter</strong></span> <span class='ocrx_word' id='word_1_248' title='bbox 356 3920 469 3965; x_wconf 90' lang='lat' dir='ltr'><strong>eorum</strong></span> <span class='ocrx_word' id='word_1_249' title='bbox 491 3899 729 3987; x_wconf 89' lang='lat' dir='ltr'><strong>impedimento</strong></span> <span class='ocrx_word' id='word_1_250' title='bbox 769 3899 902 3969; x_wconf 87' lang='lat' dir='ltr'><strong>detecto</strong></span> <span class='ocrx_word' id='word_1_251' title='bbox 940 3901 985 3968; x_wconf 91' lang='lat' dir='ltr'><strong>ad</strong></span> <span class='ocrx_word' id='word_1_252' title='bbox 1017 3901 1224 3968; x_wconf 88' lang='lat' dir='ltr'><strong>consortium</strong></span> <span class='ocrx_word' id='word_1_253' title='bbox 1249 3901 1339 3968; x_wconf 88' lang='lat' dir='ltr'><strong>vitae</strong></span> <span class='ocrx_word' id='word_1_254' title='bbox 1364 3895 1429 3964; x_wconf 87' lang='lat' dir='ltr'><strong>dis·</strong></span> 
     </span>
     <span class='ocr_line' id='line_1_37' title="bbox 169 3983 1433 4079; baseline -0.001 -25"><span class='ocrx_word' id='word_1_255' title='bbox 169 3985 365 4054; x_wconf 87' lang='lat' dir='ltr'><strong>solvendum</strong></span> <span class='ocrx_word' id='word_1_256' title='bbox 388 3986 582 4069; x_wconf 86' lang='lat' dir='ltr'><strong>abutantur,</strong></span> <span class='ocrx_word' id='word_1_257' title='bbox 606 3989 697 4078; x_wconf 90' lang='lat' dir='ltr'><strong>apud</strong></span> <span class='ocrx_word' id='word_1_258' title='bbox 736 3989 769 4055; x_wconf 82' lang='lat' dir='ltr'><strong>S.</strong></span> <span class='ocrx_word' id='word_1_259' title='bbox 805 3987 924 4058; x_wconf 86' lang='lat' dir='ltr'><strong>Sedem</strong></span> <span class='ocrx_word' id='word_1_260' title='bbox 961 3988 1194 4079; x_wconf 88' lang='lat' dir='ltr'><strong>Apostolicam</strong></span> <span class='ocrx_word' id='word_1_261' title='bbox 1218 3987 1260 4056; x_wconf 86' lang='lat' dir='ltr'><strong>de</strong></span> <span class='ocrx_word' id='word_1_262' title='bbox 1283 3983 1433 4054; x_wconf 88' lang='lat' dir='ltr'><strong>sanando</strong></span> 
     </span>
    </p>
   </div>
   <div class='ocr_carea' id='block_1_9' title="bbox 170 4073 1258 4166">
    <p class='ocr_par' dir='ltr' id='par_1_9' title="bbox 170 4073 1258 4166">
     <span class='ocr_line' id='line_1_38' title="bbox 170 4073 1258 4166; baseline 0 -24"><span class='ocrx_word' id='word_1_263' title='bbox 170 4074 380 4143; x_wconf 89' lang='lat' dir='ltr'><strong>matrimonio</strong></span> <span class='ocrx_word' id='word_1_264' title='bbox 402 4073 438 4142; x_wconf 92' lang='lat' dir='ltr'><strong>in</strong></span> <span class='ocrx_word' id='word_1_265' title='bbox 462 4074 573 4142; x_wconf 89' lang='lat' dir='ltr'><strong>radice</strong></span> <span class='ocrx_word' id='word_1_266' title='bbox 596 4077 856 4166; x_wconf 85' lang='lat' dir='ltr'><strong>supplicandum</strong></span> <span class='ocrx_word' id='word_1_267' title='bbox 881 4082 944 4146; x_wconf 91' lang='lat' dir='ltr'><strong>est.</strong></span> <span class='ocrx_word' id='word_1_268' title='bbox 970 4080 1012 4164; x_wconf 64' lang='grc' dir='ltr'><strong>(ξ.</strong></span> <span class='ocrx_word' id='word_1_269' title='bbox 1037 4075 1112 4144; x_wconf 81' lang='grc'><strong>129.</strong></span> <span class='ocrx_word' id='word_1_270' title='bbox 1136 4077 1258 4164; x_wconf 89' lang='lat' dir='ltr'><strong>Instr.)</strong></span> 
     </span>
    </p>
   </div>
   <div class='ocr_carea' id='block_1_10' title="bbox 398 4274 1199 4382">
    <p class='ocr_par' dir='ltr' id='par_1_10' title="bbox 398 4274 1199 4382">
     <span class='ocr_line' id='line_1_39' title="bbox 398 4274 1199 4382; baseline -0.009 -25"><span class='ocrx_word' id='word_1_271' title='bbox 398 4276 433 4370; x_wconf 65' lang='grc' dir='ltr'><strong>ἓ.</strong></span> <span class='ocrx_word' id='word_1_272' title='bbox 465 4274 558 4356; x_wconf 95' lang='grc'><strong>199.</strong></span> <span class='ocrx_word' id='word_1_273' title='bbox 587 4278 653 4361; x_wconf 91' lang='lat' dir='ltr'><strong>De</strong></span> <span class='ocrx_word' id='word_1_274' title='bbox 679 4276 976 4382; x_wconf 86' lang='lat' dir='ltr'><strong>Inquisiticnc</strong></span> <span class='ocrx_word' id='word_1_275' title='bbox 1002 4276 1199 4381; x_wconf 87' lang='lat' dir='ltr'><strong>praevia.</strong></span> 
     </span>
    </p>
   </div>
   <div class='ocr_carea' id='block_1_11' title="bbox 170 4440 1439 4800">
    <p class='ocr_par' dir='ltr' id='par_1_11' title="bbox 170 4440 1439 4800">
     <span class='ocr_line' id='line_1_40' title="bbox 266 4440 1437 4538; baseline -0.001 -29"><span class='ocrx_word' id='word_1_276' title='bbox 266 4440 407 4526; x_wconf 80' lang='lat' dir='ltr'><strong>Quando</strong></span> <span class='ocrx_word' id='word_1_277' title='bbox 429 4441 454 4510; x_wconf 89' lang='lat' dir='ltr'><strong>J</strong></span> <span class='ocrx_word' id='word_1_278' title='bbox 455 4444 552 4526; x_wconf 86' lang='lat' dir='ltr'><strong>udex,</strong></span> <span class='ocrx_word' id='word_1_279' title='bbox 576 4465 635 4512; x_wconf 89' lang='lat' dir='ltr'><strong>seu</strong></span> <span class='ocrx_word' id='word_1_280' title='bbox 650 4442 813 4538; x_wconf 77' lang='lat' dir='ltr'><strong>Tribunal</strong></span> <span class='ocrx_word' id='word_1_281' title='bbox 826 4443 1074 4513; x_wconf 89' lang='lat' dir='ltr'><strong>matrimoniale</strong></span> <span class='ocrx_word' id='word_1_282' title='bbox 1086 4444 1287 4534; x_wconf 86' lang='lat' dir='ltr'><strong>petitionem</strong></span> <span class='ocrx_word' id='word_1_283' title='bbox 1296 4442 1437 4512; x_wconf 86' lang='lat' dir='ltr'><strong>Actoris</strong></span> 
     </span>
     <span class='ocr_line' id='line_1_41' title="bbox 171 4528 1435 4621; baseline 0.002 -26"><span class='ocrx_word' id='word_1_284' title='bbox 171 4528 317 4617; x_wconf 79' lang='lat' dir='ltr'><strong>legitimi</strong></span> <span class='ocrx_word' id='word_1_285' title='bbox 339 4529 412 4598; x_wconf 87' lang='lat' dir='ltr'><strong>sive</strong></span> <span class='ocrx_word' id='word_1_286' title='bbox 434 4531 563 4621; x_wconf 86' lang='lat' dir='ltr'><strong>scripto</strong></span> <span class='ocrx_word' id='word_1_287' title='bbox 587 4529 786 4615; x_wconf 84' lang='lat' dir='ltr'><strong>exhibitam,</strong></span> <span class='ocrx_word' id='word_1_288' title='bbox 821 4532 901 4610; x_wconf 78' lang='lat' dir='ltr'><strong>sive,</strong></span> <span class='ocrx_word' id='word_1_289' title='bbox 928 4554 985 4600; x_wconf 88' lang='lat' dir='ltr'><strong>cre</strong></span> <span class='ocrx_word' id='word_1_290' title='bbox 1017 4553 1057 4600; x_wconf 88' lang='lat' dir='ltr'><strong>ac</strong></span> <span class='ocrx_word' id='word_1_291' title='bbox 1092 4533 1204 4602; x_wconf 88' lang='lat' dir='ltr'><strong>verbis</strong></span> <span class='ocrx_word' id='word_1_292' title='bbox 1252 4534 1435 4621; x_wconf 87' lang='lat' dir='ltr'><strong>ropositam</strong></span> 
     </span>
     <span class='ocr_line' id='line_1_42' title="bbox 170 4557 1435 4712; baseline 0 -26"><span class='ocrx_word' id='word_1_293' title='bbox 170 4623 205 4686; x_wconf 85' lang='lat' dir='ltr'><strong>et</strong></span> <span class='ocrx_word' id='word_1_294' title='bbox 226 4617 270 4686; x_wconf 87' lang='lat' dir='ltr'><strong>ad</strong></span> <span class='ocrx_word' id='word_1_295' title='bbox 292 4619 512 4708; x_wconf 90' lang='lat' dir='ltr'><strong>protocollum</strong></span> <span class='ocrx_word' id='word_1_296' title='bbox 523 4625 730 4708; x_wconf 85' lang='lat' dir='ltr'><strong>assumptam</strong></span> <span class='ocrx_word' id='word_1_297' title='bbox 742 4620 881 4710; x_wconf 87' lang='lat' dir='ltr'><strong>rejicere</strong></span> <span class='ocrx_word' id='word_1_298' title='bbox 897 4619 1024 4712; x_wconf 88' lang='lat' dir='ltr'><strong>nequit,</strong></span> <span class='ocrx_word' id='word_1_299' title='bbox 1040 4628 1102 4689; x_wconf 90' lang='lat' dir='ltr'><strong>aut</strong></span> <span class='ocrx_word' id='word_1_300' title='bbox 1125 4643 1167 4691; x_wconf 86' lang='lat' dir='ltr'><strong>ex</strong></span> <span class='ocrx_word' id='word_1_301' title='bbox 1190 4557 1304 4690; x_wconf 70' lang='lat' dir='ltr'><strong>oidcio</strong></span> <span class='ocrx_word' id='word_1_302' title='bbox 1316 4623 1435 4689; x_wconf 90' lang='lat' dir='ltr'><strong>contra</strong></span> 
     </span>
     <span class='ocr_line' id='line_1_43' title="bbox 171 4705 1439 4800; baseline 0.002 -27"><span class='ocrx_word' id='word_1_303' title='bbox 171 4705 416 4776; x_wconf 86' lang='lat' dir='ltr'><strong>matrimonium</strong></span> <span class='ocrx_word' id='word_1_304' title='bbox 438 4708 683 4798; x_wconf 85' lang='lat' dir='ltr'><strong>procedendum</strong></span> <span class='ocrx_word' id='word_1_305' title='bbox 707 4711 818 4791; x_wconf 86' lang='lat' dir='ltr'><strong>habat,</strong></span> <span class='ocrx_word' id='word_1_306' title='bbox 840 4709 1032 4800; x_wconf 80' lang='lat' dir='ltr'><strong>judicialem</strong></span> <span class='ocrx_word' id='word_1_307' title='bbox 1058 4729 1180 4780; x_wconf 82' lang='lat' dir='ltr'><strong>causae</strong></span> <span class='ocrx_word' id='word_1_308' title='bbox 1193 4709 1439 4800; x_wconf 88' lang='lat' dir='ltr'><strong>pertractatio·</strong></span> 
     </span>
    </p>
   </div>
   <div class='ocr_carea' id='block_1_12' title="bbox 1345 4795 1526 4854">
    <p class='ocr_par' dir='ltr' id='par_1_12' title="bbox 1345 4795 1526 4854">
     <span class='ocr_line' id='line_1_44' title="bbox 1345 4795 1526 4854; baseline 0 0"><span class='ocrx_word' id='word_1_309' title='bbox 1345 4795 1398 4854; x_wconf 81' lang='lat' dir='ltr'><strong>a1*</strong></span> <span class='ocrx_word' id='word_1_310' title='bbox 1520 4813 1526 4817; x_wconf 84' lang='lat'>·</span> 
     </span>
    </p>
   </div>
   <div class='ocr_carea' id='block_1_13' title="bbox 0 0 1728 5368">
    <p class='ocr_par' dir='ltr' id='par_1_13' title="bbox 0 0 1728 5368">
     <span class='ocr_line' id='line_1_45' title="bbox 0 0 1728 5368; baseline 0 0"><span class='ocrx_word' id='word_1_311' title='bbox 0 0 1728 5368; x_wconf 95' lang='lat' dir='ltr'><strong> </strong></span> 
     </span>
    </p>
   </div>
  </div>
 </body>
</html>
