3476 5366
820 359 1022 462 *aaa*

300 574 413 664 qualia
435 578 535 642 sunt:
559 575 692 644 decreta
713 576 894 663 religionis,
935 582 969 645 et
1004 576 1251 646 controversiae
1284 574 1546 660 ecclesiasticae;

299 662 380 743 sive,
426 684 488 730 uae
510 661 554 729 ad
576 662 809 732 vivificandam
831 664 929 732 fidem
953 672 988 732 et
1011 687 1140 733 errores
1162 665 1250 732 circa
1274 685 1346 732 eam
1361 664 1550 752 exstirpan-

300 748 369 832 dos,
392 684 436 818 ab
459 749 607 839 vigorem
631 751 801 820 Oanonum
823 753 912 821 circa
935 752 1155 842 disciplinam,
1191 760 1225 820 et
1271 773 1378 822 mores
1417 757 1548 819 susten·

298 837 434 907 tandum
479 845 539 906 aut
582 839 816 927 perficiendam
861 840 992 931 discipli
1018 863 1080 922 am,
1126 863 1164 908 ac
1207 841 1375 908 tollendos
1421 841 1549 908 abusus

299 926 496 996 conducunt.
520 926 699 996 Praeterea
721 928 757 996 in
780 929 977 1013 quibusdam
994 865 1110 998 dauri·
1133 929 1175 996 ad
1208 929 1378 1018 Synodum
1413 928 1549 1016 provin·

299 1014 417 1082 cialem
439 1014 561 1084 delatis
583 1015 697 1084 eadem
720 1023 875 1084 exercent
895 1016 1077 1107 judicium;
1102 1017 1244 1107 denique
1266 1038 1285 1084 e
1307 1016 1440 1105 Synodo
1471 1037 1549 1105 pro-

299 1103 434 1258 vipciali
452 1103 624 1260 posttulata
646 1126 686 1174 ac
707 1125 821 1194 preces
843 1105 1039 1194 Imperanti,
1063 1106 1119 1174 vel
1141 1105 1310 1188 Pontifici,
1335 1106 1389 1174 vel
1404 1104 1544 1192 utrique

299 1205 339 1258 su
362 1197 500 1260 aternum
560 1241 569 1260 .

298 1372 333 1466 ἓ.
379 1369 472 1453 112.
512 1369 693 1453 Limites
739 1370 1033 1478 legislationis
1075 1371 1349 1475 Synodorum
1373 1369 1547 1476 provin-

827 1499 1018 1582 cialium.

395 1620 430 1711 1)
454 1620 537 1690 (lum
554 1620 649 1689 nulla
670 1623 885 1710 congregatio
907 1621 1123 1712 particularis
1145 1622 1385 1714 Episcoporum
1416 1620 1549 1689 etiamsi

297 1707 578 1799 frequentissima,
602 1709 673 1778 sine
695 1710 846 1778 Primate
868 1711 1037 1780 Ecclesiae
1060 1732 1119 1779 seu
1142 1733 1267 1779 summo
1290 1709 1455 1778 Pontifice
1476 1708 1550 1775 Ma-

297 1796 474 1885 gisterium
497 1797 668 1866 Ecclesiae
691 1800 896 1867 constituere
918 1801 1034 1888 possit,
1056 1805 1153 1953 patet
1177 1797 1220 1866 ad
1243 1799 1454 1866 activitatem
1482 1796 1546 1885 Sy-

298 1884 458 1977 nodorum
480 1885 736 1976 provincialium
766 1909 833 1954 nou
869 1894 1021 1976 spectare
1078 1893 1212 1975 ogmata
1246 1886 1326 1954 fldei
1359 1885 1548 1966 enunciare,

297 1973 380 2041 bene
403 1995 482 2042 vero
505 1974 683 2042 enunciata
706 1996 745 2043 ac
767 1975 908 2043 definita
930 1975 1104 2044 Ecclesiae
1128 1976 1286 2063 dogmata
1309 1974 1493 2055 illustrare,
1512 1983 1550 2040 et

297 2062 422 2130 abusus
458 2062 652 2131 intellectus
690 2061 825 2130 humani
858 2069 975 2131 contra
1010 2086 1124 2131 eorum
1161 2086 1294 2132 sensum
1331 2083 1550 2151 compescere.

297 2150 426 2234 Quodsi
448 2157 559 2220 tamen
583 2158 727 2235 occurat,
750 2157 790 2220 ut
812 2151 847 2220 in
879 2151 1036 2221 Consiliis
1058 2151 1321 2255 provincialibus
1344 2149 1549 2219 enunciatio-

206 2245 210 2252 '
296 2260 356 2306 nes
379 2238 550 2307 doctrinae
572 2239 785 2308 Christianae
807 2245 925 2308 contra
947 2239 1134 2309 haereticos
1168 2240 1418 2329 pronunciatae,
1457 2237 1549 2305 sicut

296 2327 332 2395 in
355 2326 500 2416 Synodis
523 2327 845 2415 Carthaginensibus
869 2334 986 2396 contra
1006 2328 1190 2416 Pelagium,
1204 2329 1245 2395 ab
1280 2327 1433 2396 Ecclesia
1455 2347 1550 2395 acce·

227 2429 230 2438 '
296 2421 414 2504 ptatae
435 2415 570 2498 fuerint,
594 2416 628 2483 id
650 2417 873 2505 acceptationi
895 2423 931 2484 et
953 2416 1197 2484 confirmationi
1219 2416 1252 2484 S.
1264 2415 1361 2484 Sedis
1373 2413 1547 2504 Apostoli-

297 2525 354 2572 cae
376 2503 630 2572 adscribendum
654 2511 716 2587 est,
740 2526 807 2572 non
829 2527 909 2572 vero
932 2505 1086 2592 propriae
1109 2504 1237 2594 Synodi
1250 2503 1430 2572 activitati.
1453 2501 1545 2570 Hinc

296 2597 386 2660 recte
408 2591 657 2678 Thomasinusl)
684 2592 930 2675 ,Provinciales
948 2593 1060 2682 inquit
1083 2592 1217 2672 Sancdi,
1243 2591 1301 2660 ubi
1324 2592 1541 2659 confirmatae

296 2679 425 2748 fuerint
447 2681 488 2749 ab
511 2681 695 2769 apostolica
718 2682 805 2764 sede,
829 2687 911 2748 tunc
932 2679 969 2747 in
991 2680 1205 2749 auctoritatis
1229 2703 1391 2747 summum
1415 2678 1547 2748 culmen

296 2789 352 2836 eas
374 2767 488 2857 recipi,
511 2790 572 2836 uec
593 2791 690 2858 posse
713 2770 755 2836 ab
777 2770 826 2837 cis
849 2767 1123 2837 circahaereseos
1136 2768 1313 2839 discrimen
1336 2766 1541 2858 provocari‘

392 2858 427 2942 2)
450 2855 532 2926 Cum
556 2879 668 2924 omnes
690 2855 848 2946 Episcopi
869 2857 938 2944 juri
961 2857 1125 2925 communi
1148 2858 1306 2925 ecclesiae
1333 2856 1477 2936 subsint,
1489 2876 1546 2943 pa·

295 2949 348 3012 tet
369 2944 497 3013 nullam
519 2945 811 3033 congregationem
835 2945 1084 3034 Episcoporum,
1109 2967 1148 3013 ac
1171 2946 1309 3034 proinde
1333 2967 1392 3013 nec
1429 2944 1546 3012 Conci-

295 3033 377 3100 lium
400 3033 604 3122 provinciale
626 3054 724 3122 posse
746 3039 881 3101 statuta
901 3033 1040 3101 condere
1063 3039 1180 3101 contra
1199 3034 1256 3123 jus
1279 3055 1459 3112 commuue,
1483 3053 1545 3098 scu

295 3121 331 3208 a)
355 3143 439 3209 quae
461 3121 629 3188 contraria
651 3128 763 3190 essent
785 3122 928 3191 decretis
951 3122 1173 3192 Conciliorum
1193 3124 1487 3201 oecumenicorum,
1510 3123 1544 3206 b)

295 3209 601 3278 Constitutionibus
623 3214 759 3278 sanctae
781 3210 870 3278 sedis
893 3210 1105 3299 apostolicae,
1129 3211 1184 3279 vel
1222 3210 1445 3278 decisionibus
1474 3230 1542 3288 ,cu-

295 3297 374 3380 riae,
398 3321 436 3366 ac
457 3297 584 3385 regulis
607 3297 833 3366 cancellariae
856 3299 1067 3387 apostolicae,
1093 3299 1122 3386 c)
1146 3297 1537 3387 quaelegitimeuniver·

295 3386 358 3454 sali
382 3385 615 3456 consuetudini
638 3386 911 3455 adversarentur.

294 3569 328 3662 §-
361 3565 454 3647 113.
482 3565 760 3648 Conditiones
801 3565 970 3670 vigoris
1010 3565 1194 3650 Concilii
1231 3562 1541 3648 Prouincialis.

390 3688 529 3757 Statuta
551 3689 774 3757 Conciliorum
796 3689 1054 3779 provincialium
1065 3688 1253 3778 antiquitus
1266 3689 1425 3772 Oenones,
1438 3687 1539 3756 bodie

294 3777 438 3845 Decreta
462 3782 647 3863 vocantur3
672 3783 711 3843 ut
736 3779 882 3865 vigorem
906 3779 1052 3846 habeant
1076 3778 1282 3866 requiritur:

392 3865 424 3953 l)
448 3865 497 3933 Ut
519 3865 566 3932 sit
588 3866 738 3954 legitima
761 3875 978 3934 convocatum
1001 3873 1035 3933 et
1075 3867 1299 3952 celebratum;
1346 3870 1386 3933 ut
1431 3863 1547 3931 vocati

295 3975 412 4043 nempe
433 3954 562 4020 fuerint
584 3976 705 4034 omnes,
730 3953 789 4042 qui
808 3955 864 4041 jus
888 3953 1104 4022 conveniendi
1128 3955 1263 4023 habent.
1491 4039 1498 4054 ι
1523 4038 1531 4054 ο

340 4128 371 4196 d·
390 4043 425 4128 2)
448 4041 497 4110 Ut
518 4041 576 4132 qui
599 4050 714 4109 votum
738 4041 1178 4111 consultativumhabeutsi
1192 4042 1405 4131 postulantes
1421 4039 1543 4123 audiri,

294 4150 338 4197 au
361 4135 499 4308 laddudt
522 4217 656 4288 decreta
679 4217 885 4287 activitatem
909 4217 1052 4287 Concilii
1074 4241 1141 4288 nou
1164 4219 1334 4288 excedant.

390 4306 425 4395 4)
447 4306 497 4374 Ut
519 4306 653 4376 decreta
676 4311 754 4374 ante
776 4306 1035 4395 publicationem
1058 4307 1091 4376 S.
1120 4307 1197 4375 Sedi
1244 4305 1465 4397 Apostolicaa,
1512 4309 1548 4373 et

294 4395 480 4484 respective
503 4417 603 4485 penes
627 4418 699 4464 eam
722 4395 883 4464 existenti
907 4395 1161 4485 congregationi
1183 4396 1383 4487 particulari
1428 4393 1468 4462 de
1492 4416 1542 4462 re-

295 4482 423 4552 visione
446 4483 655 4573 Synodorum
678 4483 932 4573 provincialium
954 4487 1223 4567 substernantur,
1248 4489 1283 4553 et
1296 4486 1338 4553 ab
1347 4485 1409 4552 hac
1423 4482 1544 4551 saltem

294 4577 360 4639 no'n
382 4573 613 4662 reprobentur.
636 4572 693 4640 Ita
715 4572 841 4640 statuit
863 4571 981 4643 Sixtus
1005 4573 1046 4643 V.
1070 4573 1239 4657 Pontifex,
1275 4573 1385 4641 dictae
1408 4594 1544 4658 congre·

402 4751 420 4823 ¹)
439 4750 518 4823 Apud
537 4751 638 4810 Bened.
658 4751 726 4808 XIV.
746 4751 781 4808 de
800 4751 913 4824 Synodo
932 4753 1049 4812 dioeces.
1070 4754 1143 4809 Libr.
1164 4751 1233 4808 Xlll.
1254 4750 1318 4824 Cap.
1348 4751 1389 4806 Ill.
1410 4749 1473 4807 Nro.
1495 4749 1543 4806 11.
