3476 5366
873 345 936 413 136

283 569 498 634 summarium
529 567 692 654 judicium
726 569 898 654 effugiant,
933 589 998 634 non
1033 569 1157 636 idcirco
1197 578 1307 636 tamen
1342 569 1526 636 eorumdem

283 655 307 724 J
311 655 444 722 udioum
468 655 586 722 electio
610 657 778 743 superflua
801 665 850 722 est
873 654 1057 741 censende;
1093 663 1164 726 tum
1188 658 1265 742 quia
1287 657 1341 744 jus
1364 657 1466 724 habet
1487 661 1527 724 si·

282 743 358 831 quis
380 741 457 810 vult
480 743 551 808 litis
574 744 763 830 sumptibus
778 765 930 898 parcere,
954 765 1096 833 suasque
1119 767 1234 812 causas
1260 743 1413 812 celeriter
1435 767 1528 833 expe-

283 834 362 913 dire,
387 829 524 898 Judioes
548 831 733 920 Synodales
756 855 775 899 a
800 831 909 912 eundi,
935 852 1110 921 eorumque
1133 833 1255 921 judicio
1279 832 1525 920 adquiescendi:

282 926 355 986 tum
389 918 466 1008 quia
499 921 675 986 necessarii
708 925 909 1010 reputantur
943 919 985 985 ad
1017 921 1214 987 servandam
1248 922 1403 1010 antiquae
1435 921 1528 988 disci·

281 1007 393 1096 plinae
416 1007 614 1087 memoriam,
639 1012 739 1092 atque
763 1008 805 1076 ad
827 1007 999 1095 praedicta
1022 1008 1087 1076 duo
1110 1009 1272 1098 explenda
1286 1011 1407 1091 munia,
1421 1008 1528 1098 quoad

282 1096 492 1252 {timim
522 1117 637 1184 nempe
671 1096 769 1178 sedis,
808 1104 842 1164 et
890 1097 924 1162 in
954 1095 1063 1164 causis
1101 1119 1167 1164 non
1206 1099 1451 1186 comparitionis
1486 1096 1529 1163 ad

306 1205 373 1272 yno
397 1205 463 1250 um.

284 1365 319 1459 ξ.
351 1359 443 1443 123.
473 1359 536 1442 De
563 1359 666 1442 fidei
693 1359 982 1568 pmfefilfmed
997 1361 1044 1442 in
1073 1361 1245 1466 Synodo
1273 1363 1530 1445 dioecesana

794 1509 951 1568 emron
983 1512 1020 1570 a.

380 1631 515 1720 Semper
548 1630 585 1696 in
621 1631 781 1714 Ecclesia,
813 1633 922 1721 inquit
958 1633 1159 1702 Benedictus
1191 1631 1289 1702 XIV.
1328 1633 1383 1724 (de
1406 1631 1531 1722 Syncd.

285 1718 387 1786 dioec.
412 1717 450 1786 L.
474 1717 517 1786 V.
542 1718 621 1808 Cap.
645 1719 692 1786 II.
715 1720 776 1789 Nr.
800 1721 848 1876 33
871 1742 909 1787 ea
933 1721 1108 1810 disciplina
1141 1722 1262 1810 viguit,
1286 1726 1326 1789 ut
1347 1722 1466 1788 Patres
1488 1721 1533 1788 ad

284 1829 379 1874 sacra
402 1805 550 1875 Concilio
574 1813 739 1890 coeuntes,
764 1830 799 1876 se
850 1808 1028 1876 atholicam
1051 1809 1149 1876 fidem
1161 1809 1322 1898 profiteri,
1347 1817 1381 1876 et
1403 1831 1533 1898 praece·

285 1895 398 1962 dantia
422 1894 629 1962 oecumenica
652 1895 800 1964 Concilio
822 1897 969 1984 recipere
992 1920 1031 1964 ac
1054 1898 1231 1964 admittere
1252 1898 1384 1986 publice
1424 1903 1534 1964 oonte-

260 1987 466 2050 -starentun
501 1983 557 2050 Ita
580 1985 776 2071 praesertim
809 1986 845 2051 in
882 1985 1029 2052 Concilio
1061 1985 1319 2054 Chalcedonensi
1334 1990 1434 2074 atque
1456 1985 1534 2051 aliis

287 2071 441 2160 deinceps
465 2070 624 2138 Conciliis
647 2072 804 2155 Nicaena,
828 2094 866 2140 ac
890 2071 1265 2162 Constantinopolitano
1287 2073 1366 2142 fidei
1388 2072 1534 2140 formula

284 2161 436 2226 recitata.
459 2159 573 2236 Etiam
597 2162 630 2226 in
654 2160 813 2228 Consiliis
835 2159 1098 2249 provincialibus
1110 2184 1148 2229 ac
1159 2161 1305 2251 Synodis
1329 2159 1534 2229 dioecesanis

286 2248 446 2336 professio
470 2247 662 2316 Catholicae
684 2247 762 2315 fidei
785 2271 850 2315 non
873 2254 1004 2316 tantum
1040 2253 1135 2338 praxi
1159 2257 1194 2316 et
1217 2252 1373 2317 continua
1396 2271 1530 2316 consue·

286 2334 412 2416 tudine,
447 2358 563 2404 verum
595 2335 697 2402 etiam
730 2337 876 2425 positivo
914 2337 1084 2404 Ecclesiae
1119 2338 1251 2406 decreto
1264 2341 1287 2424 1)
1325 2339 1470 2427 praescri
1496 2343 1535 2404 ta

287 2432 352 2510 est;
377 2431 478 2514 atque
501 2423 633 2491 etiamsi
655 2424 812 2513 Episcopi
846 2427 879 2490 in
917 2425 1052 2514 Synodo
1087 2425 1288 2514 provinciali
1309 2425 1386 2492 fidei
1409 2359 1535 2514 proles

287 2513 411 2580 sionem
435 2511 628 2579 eliciendam
652 2511 806 2594 habeant,
831 2518 979 2579 attamen
1003 2514 1143 2581 maxime
1173 2515 1277 2596 decet,
1301 2514 1411 2602 inquit
1433 2511 1536 2580 Bene·

287 2601 397 2667 dictus
427 2597 563 2688 xiva),
601 2606 642 2667 ut
677 2600 712 2666 iu
736 2601 797 2668 hoc
826 2599 999 2687 religionis
1034 2607 1112 2668 actu
1141 2601 1353 2691 praestando,
1377 2602 1478 2668 etiam
1500 2603 1536 2668 in

287 2710 348 2754 sua
371 2688 564 2756 dioecesana
588 2689 734 2775 Synodo,
759 2690 879 2756 ceteris
902 2689 1052 2778 exemplo
1067 2697 1212 2778 praeeat,
1236 2697 1271 2758 et
1293 2687 1392 2757 fidem
1415 2689 1536 2757 Catho-

287 2776 393 2857 lioam,
417 2777 478 2844 sub
503 2783 661 2845 consueta
685 2776 837 2858 formula,
859 2799 968 2844 eoram
980 2777 1186 2846 adstantium
1202 2778 1410 2860 sacerdotum
1427 2782 1535 2856 coetu,

287 2864 398 2953 palam
425 2863 634 2953 profiteatur.

518 3044 553 3136 ξ.
585 3040 679 3122 124.
706 3041 769 3122 Dc
796 3041 991 3124 utilitate
1018 3042 1302 3145 synodorum.

386 3189 436 3256 De
459 3186 611 3254 utilitate
645 3187 868 3255 Conciliorum
899 3188 934 3255 in
966 3211 1087 3276 genere
1119 3190 1187 3277 jam
1222 3189 1254 3256 S.
1289 3188 1358 3256 Leo
1392 3187 1536 3277 Magnus

288 3277 399 3366 Epist.
425 3275 475 3341 16.
500 3275 535 3342 C.
560 3275 589 3341 7.
613 3275 810 3360 inquiebat:
840 3277 1052 3364 ,Adjuvante
1074 3278 1187 3366 gratia
1210 3277 1274 3344 Dei
1296 3275 1439 3344 fiaoilius
1476 3299 1533 3366 po-

288 3366 371 3432 terit
394 3362 572 3452 provideri,
595 3368 636 3428 ut
659 3366 693 3428 in
715 3363 876 3431 Ecclesiis
899 3365 1025 3433 Christi
1049 3366 1143 3433 nulla
1161 3364 1327 3446 scandala,
1352 3364 1437 3432 nulli
1476 3387 1533 3431 na·

289 3459 425 3520 scantur
447 3472 584 3532 errores,
609 3471 681 3517 cum
703 3451 739 3517 id
761 3474 889 3541 semper
920 3453 955 3520 iu
989 3454 1153 3521 communi
1174 3452 1387 3521 tractandum
1409 3453 1465 3534 sit,
1495 3459 1538 3520 ut

290 3541 398 3609 omnia
422 3539 591 3606 Canonum
615 3538 755 3620 decreta,
780 3541 869 3628 apud
891 3563 1002 3609 omnes
1019 3542 1153 3609 Domini
1166 3541 1360 3608 Sacerdotes
1372 3541 1536 3615 inviolata

289 3632 532 3718 permaneant.‘
560 3626 646 3693 Item
655 3627 763 3714 Epist.
788 3628 818 3694 6.
842 3629 877 3696 C.
902 3629 951 3696 5.:
980 3631 1116 3710 ,Melius
1129 3631 1235 3696 omnis
1248 3628 1535 3717 culpatitabitur,

290 3717 319 3784 si
341 3717 430 3782 inter
454 3715 648 3782 Sacerdotes
670 3715 805 3781 Domini
828 3716 962 3787 collatio
975 3719 1181 3806 frequentior
1196 3718 1369 3798 habeatur,
1383 3723 1536 3784 etemen-

291 3805 419 3871 dationi
440 3803 568 3892 pariter
591 3808 626 3868 et
649 3803 784 3869 caritati
807 3804 986 3890 plurimum
1007 3813 1159 3892 praestat
1182 3805 1328 3872 adunata
1360 3805 1532 3871 societas‘

290 3894 367 3980 Ipse
391 3895 491 3958 etiam
513 3890 715 3957 Benedictus
737 3891 833 3960 XIV.
872 3893 1029 3959 Pontifex
1061 3894 1115 3979 (de
1152 3893 1276 3982 Synod.
1316 3893 1417 3960 dioec.
1441 3891 1480 3958 L.
1506 3892 1535 3959 1.

291 3981 367 4068 Cup¹
394 3980 439 4069 2.)
474 3979 657 4046 utilitatem
689 3979 897 4068 Synodorum
936 3981 1042 4047 fusius
1068 3982 1283 4070 demonstrat,
1308 3981 1403 4047 addit
1426 3986 1538 4047 tamen

291 4069 351 4134 Nr.
376 4067 439 4135 V.:
468 4067 562 4148 ,Non
584 4067 707 4134 ideirco
723 4073 834 4134 tamen
846 4067 916 4135 illis
928 4071 1137 4157 assentimur,
1154 4070 1211 4158 qui
1223 4068 1538 4156 Synodosabsolutc

291 4156 494 4222 necessarias
524 4156 711 4240 affirmant;
747 4155 1020 4244 quemadmodum
1054 4158 1140 4224 enim
1175 4157 1324 4226 Concilia
1356 4155 1536 4244 generalia,

292 4243 444 4330 quamvis
467 4265 672 4332 summopere
694 4244 804 4330 utilia,
827 4266 892 4311 non
916 4250 995 4312 sunt
1017 4252 1130 4313 tamen
1154 4246 1315 4326 absolute,
1348 4252 1383 4311 et
1414 4244 1538 4332 simpli·

293 4331 378 4396 citer
399 4335 583 4398 necessaria
594 4354 654 4420 pro
667 4331 836 4399 Ecclesiae
858 4331 1060 4401 universalis
1075 4334 1245 4422 regimine,
1262 4333 1312 4401 ita
1324 4332 1538 4421 Episcopales

293 4418 430 4508 Synodi,
455 4421 520 4486 etsi
543 4420 683 4488 maxime
705 4421 906 4501 fructuosae,
930 4443 995 4491 non
1023 4427 1135 4490 tamen
1159 4422 1312 4489 absolute
1333 4420 1538 4490 necessariae

371 4644 388 4712 ¹)
409 4641 509 4697 Concil.
531 4641 601 4694 Trid.
623 4643 696 4695 Sese.
718 4643 758 4698 25.
780 4645 813 4698 de
833 4645 943 4698 relcrrn.
966 4639 992 4694 C.
1013 4643 1037 4696 2.

368 4715 388 4785 ²)
407 4715 465 4769 Lib.
485 4713 514 4768 V.
537 4711 563 4767 C.
584 4716 616 4767 ΙΙ.
643 4713 689 4766 Nr.
713 4714 734 4766 l.
