3464 5366
591 1097 596 1104 ’
671 1159 899 1296 eles
970 1165 1010 1295 ι.
1156 1291 1159 1311 .

388 1379 486 1466 JUS
511 1379 794 1466 PUBLICUM
820 1382 1295 1475 ECCLESIASTICUM.

599 1535 974 1782 scocie
1018 1635 1079 1781 1.

209 1851 300 1925 lus
342 1851 612 1928 puniceum
662 1855 1137 1936 teclesllsrleuu
1178 1861 1463 1938 metellum.

728 2145 879 2262 ellel
913 2149 949 2262 l.

290 2337 362 2414 DE
397 2333 659 2415 REGIMINE
697 2331 984 2414 EOGLESIAE
1024 2333 1384 2416 OHRlSTIANAE.

210 2488 244 2583 §-
275 2485 342 2570 56.
370 2485 573 2570 Christus
598 2485 814 2590 Regimen
839 2483 1061 2569 Ecclesiae
1087 2509 1194 2570 suae
1221 2486 1463 2571 constituit.

307 2653 463 2724 ehfistus
485 2653 595 2724 voluit
618 2651 804 2721 Ecclesiam
827 2673 922 2720 suem
944 2645 1208 2756 superstructum
1231 2676 1304 2724 esse
1347 2655 1462 2724 immo·

209 2739 272 2809 bili
294 2741 526 2826 fundamento,
549 2741 612 2810 cui-
627 2739 914 2832 superaedificate,
939 2742 1190 2832 qulbuscunque
1213 2742 1398 2814 esseliibus
1412 2765 1462 2812 rs·

208 2830 331 2898 sistere
352 2830 476 2914 valeat,
500 2837 536 2900 et
557 2829 697 2898 immota
718 2850 824 2918 usque
847 2827 889 2896 ed
914 2831 1229 2899 consummationem
1264 2831 1369 2900 seculi
1391 2853 1462 2922 per·

208 2918 320 2986 duret.
342 2917 455 2987 Lucae
477 2918 513 2988 C.
536 2917 599 2987 VL
621 2941 654 2985 v.
677 2919 732 2985 47.
755 2925 791 2985 et
813 2915 866 2983 48.
881 2916 1040 2999 ·,‚Omnis‚
1064 2920 1123 3007 qui
1144 2919 1241 2992 venit
1262 2919 1306 2988 ed
1340 2941 1402 3002 me,
1426 2927 1464 2988 et

208 3004 307 3075 audit
327 3028 496 3076 sermones
520 3027 618 3088 meos,
642 3011 678 3074 et
698 3006 783 3074 fecii
805 3027 871 3086 ecs,
905 3004 1078 3074 ostendam
1100 3007 1197 3076 vobis
1241 3008 1296 3077 cui
1341 3006 1462 3078 similis

207 3094 276 3181 sit;
299 3094 419 3164 similis
443 3101 496 3164 est
518 3094 643 3164 homini
665 3093 858 3162 aedificanti
881 3094 1023 3175 domum,
1047 3094 1105 3184 qui
1126 3094 1215 3164 fodit
1237 3096 1274 3164 in
1296 3096 1414 3178 altum,
1428 3101 1464 3164 et

270 3183 599 3253 uie-fundamentum
621 3203 722 3270 super
743 3188 898 3272 petrsm3
921 3181 1141 3251 inundatione
1163 3189 1275 3252 sutem
1298 3185 1401 3267 fecie,
1424 3183 1463 3251 il·

221 3272 310 3338 isum
332 3277 385 3340 est
406 3271 531 3340 flumen
554 3270 666 3339 domui
689 3270 750 3350 illi,
776 3277 811 3338 et
833 3292 899 3337 non
921 3270 1033 3358 potuit
1054 3291 1126 3338 eam
1150 3293 1292 3354 movere,
1320 3271 1462 3341 fundate

209 3359 298 3428 enim
319 3365 395 3428 erat
416 3382 456 3430 su
499 3380 517 3427 r
541 3365 705 3448 petrem“.
728 3357 785 3427 Sic
806 3363 843 3427 et
864 3358 1020 3427 Christus
1063 3358 1255 3428 aedificavit
1279 3343 1463 3429 Ecclesiam

208 3469 303 3552 seem
326 3469 428 3538 super
487 3447 704 3516 celamentum
726 3446 868 3528 firmum,
892 3447 965 3515 sive
986 3450 1138 3550 petrem
1161 3452 1197 3516 et
1226 3448 1302 3518 ideo
1315 3447 1462 3552 ,duretie

207 3535 945 3729 iisuel‘iuinissfiiffisiiiiffiiii
964 3535 1460 3725 seilleiillicll

208 3715 283 3780 ise
304 3712 347 3782 sd
369 3713 496 3783 carme
520 3712 600 3803 Cep.
624 3711 667 3780 X.
692 3734 724 3780 v.
745 3712 778 3778 4„
801 3710 927 3779 collato
949 3732 1023 3780 cum
1035 3711 1210 3802 Epistclse
1234 3712 1319 3781 alle
1345 3712 1460 3781 hessos

207 3802 245 3872 G.
269 3801 300 3869 2.
323 3824 355 3871 v.
378 3801 431 3870 20.
455 3807 491 3870 et
513 3799 892 3904 2l.:„Supersedificsti
915 3822 1016 3890 super
1037 3799 1292 3870 fundamentum
1372 3805 1461 3868 osio·

206 3890 317 3960 lorum
339 3895 375 3958 ei
395 3890 649 3982 Prophetarum,
673 3910 746 3978 ipsc
768 3909 895 3956 summo
918 3887 1029 3978 lapids
1051 3887 1207 3977 angulari
1216 3888 1302 3958 Jesu
1315 3823 1460 3972 cgristo,

206 3978 244 4046 in
288 3999 332 4046 uo
354 3979 462 4046 omnis
484 3977 674 4048 aedificatio
697 3983 894 4045 constructe
916 3976 1037 4045 crescit
1060 3976 1095 4044 in
1118 3977 1281 4068 templum
1303 3982 1461 4047 sancium

205 4067 242 4135 in
320 4065 441 4135 mino.“
464 4065 569 4156 Iaspis
592 4087 672 4153 ergo
695 4064 892 4155 principalis
915 4064 1178 4134 fundamentalis
1200 4065 1373 4134 Ecclesiae
1407 4071 1461 4134 esi

206 4155 281 4246 ipse
303 4153 405 4224 Jesus
427 4154 594 4237 Christus,
617 4153 675 4240 qui
697 4153 879 4244 aequisivit
900 4151 1085 4222 Ecclesiam
1107 4174 1201 4222 suem
1212 4153 1456 4244 sanguinesno,

205 4265 227 4310 a
251 4263 316 4332 qus
337 4241 528 4312 indivulsus
550 4248 612 4325 est,
637 4241 691 4311 eui
714 4241 847 4311 assistit
869 4263 929 4331 per
951 4241 1108 4331 spiritum
1153 4263 1250 4311 suum
1295 4252 1456 4326 sanetum,

206 4330 366 4420 spiritum
384 4331 553 4414 veritatis,
577 4332 632 4421 qui
656 4353 729 4398 eum
753 4352 792 4400 es
815 4335 927 4400 mensi
958 4329 993 4396 in
1017 4335 1201 4398 aeternum.

304 4417 387 4488 Cum
409 4431 522 4488 sutem
545 4418 705 4487 fundator
726 4417 898 4488 Ecclesiae
919 4417 1021 4487 Jesus
1051 4417 1207 4487 Christus
1230 4420 1460 4486 consummato

206 4526 307 4596 opere
330 4506 499 4576 missionis
522 4530 602 4576 suae
624 4507 661 4575 in
683 4514 784 4590 terre,
830 4527 1027 4576 escensurus
1050 4510 1124 4574 eret
1167 4505 1211 4574 sd
1243 4507 1390 4588 Patrem,
1413 4503 1459 4573 cd

207 4593 305 4682 eujus
328 4593 500 4664 dexteram
523 4596 641 4665 sedens
664 4617 783 4664 munus
805 4596 955 4682 Regium,
979 4595 1051 4664 sive
1073 4592 1263 4664 collationis
1273 4591 1457 4682 grstiemm

207 4691 437 4770 exequeretur,
460 4683 552 4752 eliud
577 4684 648 4751 loco
675 4684 727 4752 sui
750 4686 784 4752 in
809 4684 909 4750 terris
932 4682 1070 4772 reliquit
1113 4683 1297 4772 principale
1342 4680 1457 4749 funda·
