3420 5358
912 451 980 518 274

840 545 1045 555 ...------

315 669 480 734 stinitatis
514 669 606 733 nullo
638 667 779 754 desuper
801 672 965 736 existente
998 674 1098 735 antea
1143 667 1312 734 Ecclesiae
1347 668 1555 734 ‘universalis

315 756 446 822 decreto
471 755 615 820 derivari
639 777 704 820 non
719 778 832 843 posse.
855 755 1004 820 Primum
1021 754 1204 822 Concilium
1218 753 1453 822 Tridentinum
1471 777 1557 840 prae·

237 847 243 863 “
314 845 448 930 scripsit
470 844 611 908 formam
634 843 890 910 substantialem
914 848 1019 924 actus,
1043 864 1107 930 quo
1153 842 1401 908 matrimonium
1449 841 1556 908 valide

314 933 502 998 celebratur
524 929 691 1015 (Sessioue
714 931 766 996 24.
790 930 870 1017 Cap.
896 931 924 995 1.
950 931 990 995 de
1035 929 1111 996 Rei.
1151 929 1308 1014 matrim.)
1355 929 1554 996 decernens:

317 1019 402 1101 ,Qui
425 1019 524 1084 aliter
547 1039 645 1106 quam
668 1027 844 1104 praesente
867 1018 1015 1106 Earocho
1040 1018 1094 1084 vel
1118 1016 1184 1082 alio
1208 1016 1387 1083 Sacerdote
1397 1017 1438 1084 da
1454 1019 1557 1106 ipsius

313 1106 464 1186 Parochi,
489 1128 547 1170 seu
572 1105 743 1171 Ordinarii
767 1106 952 1192 (Episcopi)
977 1105 1111 1171 licentia
1134 1111 1168 1170 et
1203 1103 1332 1170 duobus
1373 1105 1429 1171 vel
1452 1105 1558 1172 tribus

313 1194 458 1261 testibus
482 1193 727 1261 matrimonium
750 1193 947 1260 contrahere
970 1193 1198 1272 attentabunt,
1223 1214 1278 1258 eos
1313 1200 1433 1260 sancta
1456 1193 1559 1281 Syno-

313 1282 375 1347 dus
399 1281 440 1346 ad
464 1284 511 1347 sic
534 1281 796 1346 contrahendum
819 1281 951 1347 omnino
975 1281 1141 1346 inhabiles
1164 1279 1285 1360 reddit,
1315 1288 1351 1347 et
1374 1280 1559 1369 hujusmodi
1579 1312 1582 1322 v

313 1373 505 1436 contractus
527 1369 643 1434 irritos
666 1374 703 1435 et
725 1369 835 1434 nullos
860 1391 931 1434 esse
955 1367 1113 1448 decernit,
1145 1373 1245 1455 prout
1290 1390 1346 1435 eos
1392 1369 1560 1456 praesenti

313 1457 456 1544 decreto,
469 1457 584 1523 irritos
607 1455 691 1522 facit
714 1464 748 1522 et
770 1456 952 1522 annullat*
981 1456 1078 1538 Quod
1098 1457 1167 1542 jam
1199 1455 1384 1522 Ecclesiam
1409 1455 1559 1522 Orienta-

311 1544 376 1612 lem
400 1546 540 1624 adtinet,
564 1545 665 1631 probe
689 1543 925 1629 distinguenda
960 1561 1012 1610 est
1040 1541 1297 1610 clandestinitas
1320 1543 1452 1632 antiqui
1466 1544 1558 1632 juria,

312 1631 628 1699 aclandestinitate
660 1654 719 1718 per
751 1632 935 1698 Concilium
960 1631 1194 1698 Tridentinum
1228 1653 1394 1719 expressa,
1419 1639 1559 1698 certum·

311 1742 375 1808 que
398 1726 459 1800 est,
480 1720 537 1806 jus
561 1718 732 1786 Orientale
756 1743 820 1785 non
844 1741 1022 1806 agnoscere
1053 1719 1119 1784 nisi
1152 1718 1463 1786 clandestinitatem
1508 1741 1559 1786 ve·

310 1809 394 1897 teris
415 1808 512 1894 juria,
536 1807 695 1874 videlicet
716 1808 971 1896 prohibitionem
996 1806 1211 1873 contrahendi
1236 1809 1483 1876 matrimonium
1503 1809 1559 1874 abs

311 1917 374 1984 que
396 1895 539 1984 publicis
563 1897 777 1961 caeremoniis
801 1896 841 1961 ab
865 1895 1016 1961 Ecclesia
1039 1917 1099 1982 pro
1144 1893 1292 1982 ejusdem
1337 1894 1559 1963 celebratione

310 1984 538 2071 praescriptis,
562 2005 646 2071 quae
669 1983 802 2070 quidem
826 1983 1030 2050 necessariae
1054 1988 1133 2049 sunt
1156 1991 1196 2048 ut
1227 1983 1431 2049 matrimonii
1479 1983 1558 2051 cele·

312 2071 422 2138 bratio
445 2071 537 2138 licita
560 2070 682 2136 evadat
706 2078 740 2137 et
762 2094 828 2137 non
850 2070 1027 2158 prohibita.
1042 2070 1163 2136 Utrum
1188 2091 1267 2137 vero
1290 2070 1481 2139 benedictio
1503 2076 1559 2138 aut

311 2159 481 2226 coronatio
504 2158 692 2225 necessaria
714 2160 761 2224 sit
783 2157 826 2224 ad
849 2159 1053 2225 matrimonii
1085 2157 1307 2240 validitatem,
1351 2159 1500 2226 decisum
1522 2181 1558 2226 ao

312 2247 484 2313 definitum
508 2270 572 2312 non
597 2246 664 2312 fuit
687 2248 728 2313 ab
755 2246 924 2330 Ecclesia3
948 2247 1100 2334 quamvis
1124 2246 1302 2327 sententia,
1348 2267 1435 2335 quae
1458 2256 1558 2334 negat

312 2335 547 2402 necessitatem
570 2335 810 2401 benedictionis
834 2335 876 2400 ad
900 2335 1101 2400 matrimonii
1125 2333 1333 2400 validitatem
1356 2337 1557 2402 communior

310 2424 356 2488 sit
380 2445 418 2490 ac
440 2422 642 2511 probabilior
665 2426 765 2489 etiam
787 2444 847 2510 pro
869 2422 1019 2488 Ecclesia
1042 2421 1217 2488 Orientali.
1240 2421 1377 2488 Etenim
1410 2423 1559 2490 Ecclesia

310 2511 534 2578 Occidentalis
558 2518 593 2578 et
615 2511 766 2577 Romana
788 2511 862 2576 ideo
886 2532 951 2574 non
975 2511 1127 2576 admittit
1139 2508 1299 2598 ejusmodi
1314 2511 1556 2592 necessitatem,

310 2599 386 2687 quia
410 2600 521 2686 rejicit
544 2600 786 2686 separationem
810 2605 1002 2665 contractus
1026 2621 1045 2662 a
1068 2598 1293 2678 Sacramenta,
1318 2606 1352 2664 et
1375 2598 1479 2666 habet
1499 2622 1555 2688 pro

308 2687 430 2753 validis
455 2687 665 2752 matrimonia
687 2686 896 2753 clandestina
922 2691 1093 2752 contracta
1117 2694 1196 2752 ante
1218 2685 1403 2753 Concilium
1420 2685 1558 2754 Triden-

307 2776 427 2856 tinum,
451 2776 517 2840 imo
539 2774 701 2862 posthoc
724 2775 906 2842 Concilium
930 2775 1031 2840 etiam
1055 2796 1103 2854 ea,
1128 2797 1212 2862 quae
1235 2781 1408 2841 contracta
1431 2775 1557 2842 fuerint

308 2869 444 2930 servata
466 2863 574 2928 forma
596 2863 733 2928 Decreti
759 2862 944 2942 ,Tametsi‘<
971 2861 1118 2948 ejusdem
1142 2861 1292 2944 Concilii,
1330 2862 1389 2928 sed
1435 2865 1557 2953 absque

309 2951 525 3017 eaeremoniis
549 2956 584 3015 et
607 2950 845 3031 benedictione,
870 2951 941 3015 aive
965 2973 1038 3016 cum
1062 2949 1258 3016 assistentia
1297 2949 1555 3052 arochipasaiva

309 3045 344 3105 et
367 3039 600 3126 praesentibus
623 3040 776 3103 testibus.
802 3039 876 3120 Oua
900 3038 940 3104 de
963 3061 999 3104 re
1021 3037 1223 3104 Benedictus
1310 3037 1379 3119 V.¹)
1426 3040 1554 3124 lnquit:

312 3127 406 3208 ,Non
430 3133 554 3192 temere
578 3127 771 3212 conjicimus
794 3132 1000 3194 contractum
1013 3127 1219 3212 conjugalem
1239 3126 1289 3191 ita
1299 3127 1421 3192 initum
1444 3149 1554 3214 quam·

306 3237 404 3302 quam
427 3214 616 3281 Sacerdotis
641 3215 870 3281 benedictione
894 3236 958 3279 non
982 3216 1204 3299 obsignatum,
1225 3215 1295 3301 jam
1318 3215 1359 3278 ab
1397 3213 1551 3282 Ecclesia

305 3303 421 3369 haberi
444 3325 503 3389 pro
528 3303 770 3368 Sacramenta«
797 3304 865 3368 Ast
891 3325 966 3368 vero
991 3305 1023 3366 in
1047 3303 1099 3381 iis,
1123 3324 1207 3389 quae
1246 3301 1459 3369 validitatem
1496 3303 1554 3370 Sa-

307 3391 467 3458 cramenti
491 3391 667 3477 attingunt
691 3414 757 3456 non
779 3397 892 3478 potest
914 3398 1056 3478 utraque
1079 3389 1229 3456 Esclesia
1247 3391 1448 3456 contrariam
1467 3391 1554 3458 tueri

306 3478 571 3566 opinionem;'et
595 3479 623 3544 si
646 3486 800 3544 accurate
823 3478 1054 3544 examinentur
1077 3479 1236 3546 historica
1260 3478 1459 3545 documenta
1483 3501 1554 3546 cou-
1596 3502 1602 3514 ·

306 3567 423 3649 stabit,
457 3566 544 3651 quod
567 3566 719 3632 Ecslesia
743 3565 926 3632 Orientalis
949 3573 1027 3632 ante
1050 3565 1194 3632 schisma
1216 3573 1251 3632 et
1274 3589 1375 3654 supra
1398 3589 1553 3654 provoca-

305 3659 376 3720 tam
398 3654 575 3722 Novellam
598 3655 722 3721 Leonis
744 3655 972 3742 Imperatoris,
996 3659 1059 3720 imo
1084 3653 1186 3719 etiam
1209 3662 1286 3743 post
1320 3655 1465 3722 schisma
1489 3678 1551 3722 non

305 3743 488 3809 asseruerit
511 3742 664 3809 absolute
687 3765 726 3810 ac
748 3743 894 3830 positive
902 3742 1122 3809 necessariam
1135 3765 1207 3810 esse
1226 3743 1494 3810 benedictionem
1509 3743 1550 3810 ad

305 3830 514 3897 validitatem
538 3830 596 3896 sed
619 3830 725 3896 solum
748 3831 791 3896 ad
815 3831 941 3898 licitam
964 3830 1220 3897 celebrationem
1243 3831 1458 3900 matrimonii.

400 3918 544 3984 Etiamsi
569 3918 1114 3985 auteminTransilvania1763.
1139 3918 1349 4006 synodaliter
1386 3924 1552 3987 statutum

305 4006 351 4072 sit
373 4013 413 4072 ut
436 4008 607 4094 sequitur:
637 4006 819 4088 ,Quoniam
844 4007 969 4073 multae
992 4008 1166 4091 quaerelae
1190 4013 1279 4087 sunt,
1303 4007 1392 4094 quod
1416 4009 1551 4096 quidam

305 4117 345 4160 ex
367 4094 582 4184 Presbyteris
605 4097 690 4163 lucri
713 4118 812 4162 eausa
834 4095 1128 4182 transgrediantur
1151 4095 1343 4162 canonicum
1357 4097 1547 4177 terminum,

305 4189 341 4248 et
362 4205 519 4249 coronare
542 4184 725 4270 illegaliter
761 4191 977 4273 praesumant
1022 4183 1237 4271 parochianos
1261 4183 1411 4250 alterius.
1435 4183 1550 4272 Igitur

304 4270 422 4337 taliter
444 4274 594 4338 coronali
615 4274 713 4360 juxta
736 4294 846 4338 sacros
870 4272 1022 4339 Canones
1045 4277 1080 4338 et
1102 4271 1385 4339 Constitutionem
1425 4271 1549 4357 Synodi

298 4357 525 4440 dioecesanae,
550 4367 717 4450 tamquam
748 4360 919 4447 illegitimi
964 4360 1219 4446 separabuntur,
1266 4359 1427 4426 Sacerdos
1473 4382 1550 4427 vero

304 4446 550 4514 mulctabitur.‘
578 4449 649 4516 lmo
672 4449 736 4537 ipsi
759 4449 861 4515 etiam
885 4471 948 4514 non
973 4487 1016 4500 -
1038 4449 1127 4514 uniti
1172 4447 1291 4516 Graeci
1314 4449 1349 4514 in
1373 4447 1551 4516 Provincia

304 4535 532 4603 Carlovioenai
554 4544 678 4625 puncto
703 4536 1051 4603 murmurationis
1075 4537 1117 4602 ad
1139 4536 1301 4623 parochos
1345 4537 1548 4620 statuerint:

304 4623 558 4692 Coronatione'rn
581 4648 660 4693 vero
683 4629 720 4693 et
743 4626 945 4692 matrimonii
966 4623 1232 4706 benedictionem
1277 4647 1298 4690 a
1342 4625 1437 4692 nullo
1482 4626 1549 4694 alio

303 4761 511 4772 un-——n-——u—-n—nu

381 4801 399 4874 ¹)
418 4803 458 4856 De
477 4803 542 4876 Syn.
562 4801 653 4858 Dioec.
674 4802 703 4859 L.
723 4801 792 4858 lllll.
812 4800 840 4857 C.
861 4801 904 4857 14.
925 4801 972 4858 Nr.
992 4801 1017 4858 8.
