3476 5366
220 545 323 649 strati
339 545 441 650 polit,
464 549 650 650 peoessario
674 561 862 657 respectum
885 560 1061 648 religionis
1098 567 1132 628 et
1168 561 1339 648 regiminis
1369 563 1469 634 eccle·

219 639 360 716 siastnci,
383 655 444 723 per
465 634 612 737 pdoneas,
636 637 830 730 religiosam
853 648 1094 718 convictionem
1118 654 1153 717 et
1176 650 1288 718 officia
1310 650 1471 740 religiosa

219 743 354 791 snorum
377 721 588 828 subditorum
610 736 840 818 respectantes
862 735 964 824 leges,
988 745 1022 805 et
1046 759 1105 828 per
1127 736 1275 805 debitam
1298 737 1471 810 Ecclesiae

219 809 455 900 praestandam
479 815 707 883 assistentiam
730 826 921 890 sustentare
944 848 1008 892 non
1043 829 1176 892 tantum
1212 825 1320 907 debet,
1353 849 1470 896 verum

218 898 321 1002 etiam
344 897 613 986 adimpletionem
637 905 821 978 officiorum
845 912 1019 998 religionis
1041 914 1176 1002 fover05
1212 937 1286 984 cum
1319 915 1470 1021 alioquin

218 985 370 1055 hommes
392 1007 430 1053 eo
453 1009 552 1077 scopo
575 1011 616 1057 ex
639 994 848 1066 ordinatione
872 1001 935 1067 Dei
971 1002 1006 1070 iu
1041 1001 1236 1072 societatem
1272 1001 1468 1088 coaluerint,

217 1083 258 1144 ut
280 1097 345 1180 pon
369 1073 466 1142 modo
487 1097 553 1179 nop
577 1080 802 1168 impediantur
824 1088 858 1154 in
883 1090 1111 1180 consequenda
1133 1112 1195 1158 sna
1217 1090 1337 1159 ultima
1369 1091 1470 1161 desti·

218 1169 369 1243 natione,
391 1161 449 1230 sed
472 1169 595 1252 ponus,
619 1172 660 1235 ut
683 1170 756 1258 ipsa
778 1175 922 1244 societas
945 1179 1066 1260 civilis,
1089 1178 1237 1268 proxime
1260 1179 1394 1267 quidem
1417 1202 1466 1250 aa·

218 1253 399 1354 caritatem
409 1257 456 1356 'et
492 1257 688 1323 terrestrem
723 1259 920 1331 felicitatem
954 1275 1057 1348 curet,
1096 1267 1217 1334 ultimo
1249 1273 1362 1335 tamen
1393 1269 1468 1358 ipso

216 1341 321 1412 etiam
344 1338 474 1408 Civitas
495 1339 538 1406 ad
561 1342 697 1411 eandem
720 1348 874 1418 nltimam
897 1354 1117 1422 humanitatis
1141 1354 1399 1424 destinationem
1433 1365 1468 1425 et

216 1432 316 1499 tinam
340 1425 542 1530 contendat3
565 1428 713 1520 ideoque,
737 1458 811 1506 cnm
834 1448 903 1506 tam
926 1441 1097 1510 Ecclesiae
1119 1447 1271 1510 sanctum
1295 1444 1342 1510 sit
1377 1445 1465 1534 quod

216 1518 349 1589 Civitas
371 1515 528 1596 intendit,
552 1538 651 1602 quam
675 1521 815 1592 Civitati
839 1550 1004 1596 summum
1027 1531 1147 1598 bonum
1171 1531 1217 1598 sit
1239 1531 1328 1619 quod
1350 1531 1463 1600 Eccle-

215 1609 267 1676 sia
290 1610 458 1696 opsratur,
482 1607 669 1707 necessario
692 1610 783 1679 inter
804 1615 989 1684 Ecclesiam
1013 1625 1049 1685 et
1071 1619 1253 1688 Civitatem
1283 1625 1354 1686 tam
1389 1622 1469 1689 ami·

214 1718 291 1764 cum
314 1691 432 1764 foedus
454 1693 595 1774 obtinet,
621 1698 895 1784 quemadmodum
917 1707 1008 1773 inter
1025 1708 1169 1772 animam
1192 1715 1226 1774 et
1242 1728 1361 1795 corpus
1383 1707 1463 1776 inti·

214 1806 292 1852 mus
314 1800 420 1854 nexus
442 1779 560 1847 existit
582 1803 643 1870 pro
666 1786 780 1856 eodem
802 1790 879 1874 fine,
902 1793 1000 1876 idest,
1024 1795 1123 1883 plena
1145 1794 1310 1878 felicitate
1346 1795 1454 1864 totius

214 1873 361 1942 hominis
379 1868 595 1956 coaequanda.

213 2137 251 2232 ὅ.
284 2137 378 2222 180.
393 2142 817 2250 Limitesutriusque
833 2165 983 2226 sacrae
998 2145 1042 2225 et
1055 2142 1202 2226 civilis
1219 2143 1467 2232 Potestatis.

310 2351 468 2424 Potestas
490 2356 662 2427 Ecclesiae
696 2358 740 2426 ad
772 2380 878 2440 sacra,
913 2359 1071 2426 Civitatis
1098 2377 1178 2426 vero
1200 2357 1244 2425 ad
1266 2359 1464 2448 temporalia

210 2440 372 2510 restricta
395 2449 465 2530 est,
502 2453 537 2512 et
573 2447 846 2532 quemadmodum
877 2446 1036 2535 Princeps
1067 2468 1133 2514 non
1162 2452 1275 2536 potest
1299 2469 1372 2514 cum
1394 2453 1464 2516 suis

210 2527 425 2599 consiliariis
448 2534 606 2622 dogmata
629 2535 801 2624 religionis
824 2534 972 2616 definire,
984 2542 1045 2602 aut
1067 2541 1350 2603 sacramentorum
1362 2535 1464 2624 digne

208 2617 487 2710 conferendorum
509 2622 715 2692 conditiones
738 2625 978 2712 praescribere;
1001 2623 1052 2692 ita
1074 2627 1225 2712 potestas
1238 2623 1464 2692 ecclesiastica

209 2727 281 2775 non
302 2713 416 2795 potest
439 2708 531 2796 leges
561 2734 650 2780 mers
683 2713 798 2780 civiles
831 2711 867 2776 in
897 2711 1011 2798 regnis
1043 2733 1082 2778 ac
1113 2712 1296 2864 provinciis
1319 2711 1464 2782 seculari

208 2795 352 2883 imperio
374 2797 534 2885 subjectis
558 2800 799 2886 determinare;
835 2801 1084 2888 generatimque
1127 2799 1356 2886 egislationem
1379 2799 1463 2868 utri·

208 2903 321 2972 usqua
344 2887 516 2955 societatis
540 2889 784 2956 ecclesiasticae
806 2893 841 2956 et
864 2887 984 2955 Civilis
1006 2887 1083 2955 finis
1110 2888 1286 2973 utriusque
1308 2889 1463 2977 proprius

208 2969 425 3054 determinat,
448 2972 705 3061 adquemconss
730 2975 1015 3079 cendumutrique
1027 2975 1180 3044 societati
1192 2976 1291 3062 plena
1303 2976 1463 3066 competit

207 3058 486 3141 activitas,ultra
508 3086 607 3152 quam
631 2999 788 3132 excolere
811 3087 876 3131 neu
896 3064 1033 3145 trilicet,
1056 3063 1124 3130 nisi
1136 3064 1225 3152 quod
1236 3063 1386 3132 Ecclesia
1407 3065 1464 3150 jm

207 3145 561 3234 exigendihabeat,ne
593 3151 840 3221 otestascivilis
863 3151 1310 3241 inperseqnendosuoscopo
1323 3151 1460 3220 sentina

207 3235 384 3337 societatis
407 3238 515 3338 civilis
537 3177 731 3328 religionem
754 3247 789 3344 et
811 3241 1047 3344 conscientiam
1092 3261 1226 3308 suorum
1250 3240 1462 3308 subditorum

207 3328 693 3499 ttlttdltttltltt,
711 3328 1463 3503 ttttttttttttatttbittit}

207 3499 433 3568 communium
455 3503 675 3591 subjectorum
710 3510 885 3593 utramque
930 3504 1123 3572 societatem
1157 3502 1271 3593 quoad
1304 3503 1460 3570 effectum

206 3594 425 3670 concernunt,
449 3591 492 3656 ad
515 3591 718 3660 collisionem
735 3595 824 3660 inter
846 3597 1234 3695 utramquepotestatam
1258 3591 1461 3676 evitandam,

206 3673 414 3743 Canonistee
436 3685 545 3746 certas
567 3681 702 3768 regulas
725 3681 848 3748 limites
882 3687 1063 3770 potestatis
1097 3680 1342 3748 ecclesiasticae
1364 3689 1396 3746 et
1418 3677 1462 3746 oi·

207 3761 290 3829 vilis
313 3761 575 3836 determinantes
584 3775 752 3852 statuunt,
777 3769 984 3858 etquidem:
1011 3769 1045 3857 1)
1069 3768 1111 3837 de
1133 3769 1266 3836 actibus
1289 3767 1461 3838 hominum

206 3849 455 3935 ecclesiasticis,
479 3863 642 3944 quantum
664 3862 745 3925 sunt
770 3859 913 3926 membra
925 3857 1106 3940 Ecclesiae,
1131 3857 1341 3925 adsalutem
1365 3877 1461 3922 snam

205 3947 244 4006 et
267 3940 563 4011 sanctificationem
587 3945 797 4033 operandam,
821 3945 894 4013 sola
923 3945 1150 4014 ecclesiastica
1179 3951 1330 4034 potestas
1353 3943 1405 4011 dia
1429 3965 1461 4012 o·

204 4047 288 4094 nere
316 4035 440 4118 potest,
464 4039 565 4117 atque
584 4033 660 4120 jure
682 4033 808 4120 gautlet
846 4032 1014 4122 subjectos
1037 4034 1102 4101 sibi
1125 4033 1241 4101 fideles
1263 4031 1306 4098 ad
1329 4053 1385 4100 eos
1409 4052 1462 4102 am

205 4123 305 4184 actua
328 4119 498 4204 ponendos
528 4125 564 4187 et
585 4123 772 4209 generatim
795 4121 838 4189 ad
871 4123 982 4208 legum
1027 4121 1326 4189 ecclesiasticarum
1350 4121 1461 4188 obser·

205 4203 360 4270 vantium
383 4227 449 4272 non
473 4213 606 4275 tantum
627 4208 858 4298 persuadendi,
883 4210 941 4276 aed
963 4209 1065 4276 etiam
1089 4209 1152 4276 sibi
1175 4208 1319 4298 propriis
1341 4207 1458 4274 mediis

204 4291 359 4450 ffiap,
373 4296 729 4454 filiiflii-mii*
753 4297 850 4453 Bili
870 4295 1461 4454 ,ilillntttf'fttdlt‘al

204 4404 424 4538 auctoritlatis
447 4434 617 4540 Ecclesiae
639 4409 874 4542 transferendi
907 4472 1002 4540 illam
1024 4472 1116 4540 ultra
1140 4471 1263 4540 limites
1288 4471 1460 4540 doctrinae

203 4565 243 4624 et
269 4579 406 4640 morum,
442 4569 477 4626 et
513 4583 584 4626 eam
629 4560 837 4628 extendendo
870 4561 912 4628 ad
947 4584 1000 4630 res
1031 4560 1224 4644 exteriores,
1249 4566 1284 4628 et
1306 4559 1457 4650 pervim

208 4643 378 4732 exigendo
400 4645 445 4726 id,
469 4649 556 4736 qnod
579 4648 703 4737 pendet
724 4672 744 4716 a
767 4650 981 4738 persausione
1017 4658 1053 4716 et
1086 4647 1194 4729 corde,
1240 4659 1312 4716 tum
1357 4647 1460 4716 etiam
