3464 5366
802 376 844 442 85

719 473 762 478 -..
771 473 921 480 -..ῳ-..ω

191 571 322 660 ritatis3
347 579 532 684 Episcopos
556 597 636 649 vero
659 577 836 664 accepisse,
860 581 900 642 ut
923 573 1014 640 illam
1038 585 1214 644 exerceant
1236 575 1272 643 in
1295 582 1438 643 totaaua

190 658 444 737 universalitate
464 668 608 758 punctim
631 685 705 730 oum
729 663 838 752 capite
861 661 1010 730 Romano
1032 662 1196 732 Pontifice
1218 665 1253 731 in
1298 662 1437 732 concilio

188 749 352 838 generali3
376 755 412 823 in
457 755 570 846 ropria
592 757 703 822 autem
726 751 878 819 Dioecesi
903 756 1104 818 coarctatam
1128 751 1235 840 quoad
1258 750 1438 840 plenitudi-

189 856 262 905 nem
284 845 322 906 et
343 779 456 932 quoad
476 843 639 922 subditos,
663 861 794 928 semper
815 845 927 907 tamen
950 843 1085 905 servata
1120 845 1283 928 perpetuu
1316 839 1439 907 unione

188 943 260 992 cum
282 949 438 1018 supremo
460 931 632 1000 Ecclesiae
647 927 757 1016 capite
779 927 930 996 Romano
954 925 1118 994 Pantilius
1141 932 1241 1016 atque
1265 928 1306 993 ab
1329 949 1368 994 eo
1384 927 1437 994 de·

187 1011 376 1100 pendentia.
400 1019 448 1087 Et
470 1020 518 1088 aio
541 1018 647 1086 solum
671 1015 830 1104 possibile
853 1021 915 1096 est,
939 1013 1027 1104 quod
1049 1014 1083 1082 S.
1106 1015 1297 1104 Cyprianus
1329 1014 1436 1082 dixit:

188 1099 286 1180 ,Etsi
308 1111 462 1194 pastores
484 1105 594 1188 multi,
618 1125 701 1190 grex
723 1109 835 1170 tamen
858 1124 946 1169 unus
969 1107 1069 1189 est“;
1092 1105 1170 1193 quia
1193 1124 1305 1172 omnes
1350 1109 1438 1171 asto·

186 1209 239 1256 res
261 1189 296 1257 in
319 1193 413 1283 apice
435 1216 496 1264 suo
518 1214 645 1262 summo
668 1191 832 1259 Pontifice
870 1199 907 1258 et
943 1196 1077 1279 pastore
1111 1190 1278 1258 desinunt.
1323 1126 1437 1275 Eecus,

187 1278 348 1430 anamodo
371 1282 551 1372 Imperium
574 1301 687 1361 unum,
712 1279 741 1346 si
764 1279 877 1366 plures
901 1285 1113 1366 corregentes
1137 1280 1178 1346 ab
1222 1278 1366 1346 invicem
1388 1279 1438 1348 in·

187 1365 1438 1540 „tttltttttlt‘llltllillicititttllslldltlil

186 1540 243 1608 red
266 1541 423 1614 Christus
446 1545 532 1614 hanc
554 1543 742 1633 Regiminis
765 1542 904 1620 formam
935 1550 996 1609 aut
1032 1543 1166 1620 modum
1200 1542 1323 1611 nullibi
1344 1564 1437 1631 prae·

185 1627 332 1719 scripsit,
356 1640 392 1701 et
414 1633 469 1703 hic
491 1633 607 1701 modus
641 1653 702 1700 nec
732 1629 882 1712 idoneus,
922 1652 983 1697 nec
1019 1631 1121 1698 etiem
1155 1630 1326 1719 possibilia
1363 1637 1436 1717 est,

187 1737 327 1807 namque
349 1719 412 1789 hoc
434 1722 545 1810 posito
567 1719 746 1808 collegium
768 1717 1009 1809 Episcoporum
1031 1724 1192 1808 perpetuo
1232 1717 1268 1784 in
1302 1717 1438 1808 Synodo

187 1813 426 1894 congregatum
449 1831 522 1877 esse
544 1808 690 1889 deberet,
713 1813 754 1875 ut
776 1828 893 1874 causas
914 1809 949 1873 in
972 1827 1127 1896 suprema
1148 1805 1315 1874 instantia
1353 1807 1438 1876 deci-

186 1893 263 1979 dat;
287 1895 365 1985 quis
387 1896 461 1964 dein
508 1895 705 1965 articulares
728 1892 906 1962 Dioeceses
942 1893 1172 1982 gubernabit?
1203 1893 1269 1962 Sed
1299 1916 1359 1962 nee
1389 1896 1438 1965 ita

186 1979 285 2083 facile
308 1991 360 2050 est
383 1921 556 2073 Synodum
579 1983 830 2052 Oecumenicum
853 2003 974 2070 congre
1019 2003 1056 2050 rs
1078 1981 1167 2084 sicut
1187 1981 1357 2070 prioribus
1368 2005 1438 2053 sae-

187 2067 281 2152 cuhs,
304 2069 384 2139 dum
406 2079 484 2140 tota
506 2073 574 2142 lere
596 2070 750 2140 Ecclesia
771 2075 960 2138 maraste
1003 2092 1128 2159 mperro
1165 2070 1315 2138 Romano
1354 2093 1439 2139 com·

185 2156 407 2246 plectebatur.
431 2160 529 2230 Nunc
550 2160 685 2247 Religio
708 2158 836 2227 Christi
859 2157 969 2226 nullos
992 2157 1118 2226 limites
1139 2158 1360 2247 Imperiorum
1382 2181 1438 2228 no·

187 2243 260 2328 scit,
285 2243 382 2314 dedit
398 2248 486 2315 enim
508 2248 630 2317 DEUS
653 2246 824 2314 Ecclesiae
846 2268 926 2313 suae
955 2247 1081 2316 Gentes
1136 2245 1369 2330 hereditatem,
1403 2257 1439 2316 et

185 2334 427 2422 possessionem
449 2337 609 2404 terminos
632 2342 752 2404 terrae.
766 2334 850 2418 Quis
860 2335 970 2422 igitur
992 2355 1032 2402 ex
1055 2355 1207 2423 supreme
1229 2335 1363 2424 specula
1385 2357 1439 2404 su·
1548 2343 1560 2356 '

185 2422 403 2510 perintendet
425 2423 578 2492 omnibns
600 2423 778 2513 Episcopis
800 2431 920 2503 terrae,
944 2445 1023 2490 num
1046 2421 1100 2490 illi
1136 2421 1287 2490 Oenones
1323 2423 1438 2492 Conci·

186 2509 306 2576 liorum
331 2510 623 2580 oecumenicorum
648 2516 867 2600 exequantur,
891 2517 928 2576 et
947 2510 1176 2600 incorruptam
1199 2516 1301 2600 atque
1323 2511 1438 2579 defini·

185 2601 253 2664 tam
277 2595 379 2664 fidem
424 2599 606 2682 medicant,
630 2605 665 2667 et
687 2598 880 2689 praedicare
904 2604 1031 2680 curent,
1056 2620 1135 2665 num
1158 2596 1211 2665 illi
1233 2622 1299 2666 non
1336 2599 1438 2667 domi·

185 2691 305 2754 nantes
327 2687 363 2753 in
387 2623 503 2770 cieris,
527 2688 586 2756 sed
605 2688 712 2756 torma
734 2685 819 2755 facti
839 2686 953 2775 gregis
989 2708 1031 2754 ex
1061 2685 1171 2753 animo
1204 2686 1303 2755 sint?
1336 2693 1438 2791 atque

185 2793 263 2840 num
284 2795 371 2862 grex
392 2773 526 2843 Domini
548 2799 611 2866 per
633 2776 720 2856 illos,
766 2782 802 2842 et
845 2773 1082 2842 subordinatas
1126 2780 1293 2876 pastores·
1323 2774 1438 2845 debrte

185 2862 372 2950 pascatur?
394 2863 461 2932 nisi
483 2862 553 2946 ille,
577 2864 692 2954 quiin
716 2884 871 2952 suprema
895 2862 936 2930 ab
959 2863 1032 2952 ipso
1055 2861 1191 2932 Chrrsto
1229 2863 1437 2932 constitutus

185 2955 236 3016 est
255 2949 403 3039 specula,
427 2951 484 3040 qui
508 2958 543 3054 et
565 2952 611 3034 in,
635 2958 671 3020 et
693 2955 789 3054 satra
804 2949 997 3054 ‘Concilium
1019 2951 1184 3053 unitatem
1209 2950 1379 3020 Ecclesiae
1388 2973 1438 3021 re·

183 3037 1026 3210 lttlltltttlttttltltilltt?
1040 3061 1086 3193 ll
1098 3060 1163 3194 53.
1188 3045 1438 3216 tellite

183 3213 275 3282 bebis
298 3235 446 3302 gregem,
469 3216 528 3283 sed
550 3215 664 3305 plures
685 3236 815 3302 greges.
840 3213 937 3282 Tolle
958 3213 1166 3296 Pontificem,
1189 3221 1226 3282 et
1267 3214 1436 3286 sustulisti

183 3301 361 3384 unitatem,
385 3303 558 3371 sustulisti
579 3303 774 3384 Ecclesiam,
798 3308 833 3369 et
866 3302 1004 3370 habebis
1040 3301 1209 3370 Ecclesiae
1243 3301 1436 3386 dissolutas,

182 3388 319 3458 Christo
341 3389 509 3477 indignas.
533 3390 717 3481 Propterea
740 3390 899 3459 Christus
921 3413 987 3457 non
1030 3389 1221 3458 hominibus
1268 3391 1434 3460 commisit

182 3475 371 3565 Regiminis
392 3477 473 3546 suae
496 3478 668 3548 Ecclesiae
692 3478 976 3560 constitutionem,
999 3477 1058 3546 sed
1081 3500 1153 3546 eam
1176 3477 1243 3547 sibi
1287 3501 1435 3546 reserva·

183 3563 243 3646 vit,
267 3571 304 3634 et
327 3566 565 3635 auctoritatem
586 3568 660 3657 ipse
683 3566 863 3635 constituit
884 3567 920 3633 in
943 3574 1035 3634 terra
1057 3572 1262 3656 perpetuam,
1286 3566 1340 3635 sui
1362 3567 1434 3637 loco

183 3650 355 3722 Vicarium
377 3653 527 3744 reliquit,
551 3677 610 3745 per
632 3678 727 3746 quam
751 3656 823 3744 ipse
845 3676 993 3723 summus
1016 3653 1103 3745 lapis
1125 3653 1299 3741 angularis
1321 3676 1434 3757 perpe·

183 3747 241 3810 tuo
263 3763 360 3808 suam
381 3739 567 3812 Ecclesiam
589 3745 689 3832 regit,
714 3745 768 3811 cui
790 3741 927 3812 subesse
949 3741 1059 3826 debet,
1083 3747 1119 3810 et
1141 3742 1275 3812 obedire
1284 3765 1434 3834 quraque,

183 3829 238 3920 qui
261 3828 394 3898 Christi
416 3852 489 3900 esse
511 3831 597 3902 vult.
619 3832 800 3988 Propterea
822 3852 910 3899 unua
932 3831 1022 3900 inter
1052 3829 1225 3899 duodecim
1261 3831 1436 3900 constitui·

183 3927 248 4000 tur,
271 3921 313 3985 ut
335 3915 454 4007 Capite
476 3921 668 4002 constituto,
718 3919 891 3988 chismatis
914 3918 1058 3988 tollatur
1086 3918 1224 4000 occasio,
1271 3917 1356 3987 dicit
1400 3919 1434 3990 S.

183 4005 418 4095 Hieronymus.
442 4006 627 4076 Exordium
650 4009 692 4077 ab
716 4007 849 4076 unitate
871 4007 993 4097 incipit
1014 4015 1050 4076 et
1072 4007 1242 4075 Primatus
1264 4007 1367 4076 Petro
1381 4008 1435 4075 da·

184 4103 248 4176 tur,
272 4099 314 4162 ut
336 4116 404 4162 una
426 4094 555 4164 Christi
576 4096 738 4178 Ecclesia,
763 4101 798 4163 at
820 4117 887 4163 una
910 4095 1078 4166 Cathedra
1098 4095 1359 4178 monstretur,in
1382 4096 1435 4164 uit

184 4179 217 4250 8.
239 4180 441 4272 Cyprianus.
465 4183 556 4266 Ideo,
579 4185 757 4274 Philippus
779 4183 966 4274 Presbyter
987 4183 1205 4274 Apostolicac
1227 4181 1324 4252 Sedis
1403 4205 1435 4252 o·

187 4290 300 4339 manaa
322 4269 474 4358 Legatua
496 4293 605 4342 coram
629 4271 757 4361 Synodi
781 4271 1018 4340 Oecumenicaa
1041 4271 1229 4361 Ephesinae
1271 4271 1433 4340 Patribus

184 4363 257 4426 tuto
280 4357 459 4428 enunciare
481 4361 616 4450 potuit:
641 4359 760 4443 „Nulli
783 4359 928 4443 dubium,
951 4360 1018 4429 imo
1041 4359 1184 4429 saeculis
1207 4359 1360 4428 omnibus
1379 4381 1433 4428 no·

185 4451 263 4528 tum,
286 4446 377 4536 quod
392 4445 536 4518 Sanctus
557 4448 779 4517 Beatissimus
803 4470 844 4515 ue
867 4448 990 4516 Petrus
1011 4451 1045 4517 A
1069 4447 1252 4517 ostolorum
1262 4447 1432 4538 Princeps,

184 4541 219 4602 et
239 4533 360 4626 Caput,
383 4533 526 4626 fideique
548 4536 710 4618 columna,
735 4545 770 4604 et
824 4535 964 4604 eclesiae
986 4472 1433 4606 utiolieaefundamentnm

184 4620 368 4690 aDomiuo
390 4629 506 4693 nostro
528 4623 613 4694 Jesu
637 4624 774 4694 Christo
797 4623 968 4692 salvatore
990 4624 1126 4694 humani
1148 4627 1280 4711 generis
1312 4629 1348 4692 et
1369 4623 1432 4692 Re·

185 4709 363 4800 demptore,
377 4711 487 4780 claves
510 4713 619 4800 Regni
634 4713 773 4802 accepit,
797 4711 1022 4800 solvendique,
1047 4735 1085 4780 ac
1099 4711 1226 4801 ligandi
1242 4717 1390 4802 potestas
1402 4711 1431 4780 ai
