3476 5366
868 301 931 367 164

796 395 998 408 ‚oa--n-—n--n--u-—n

275 520 415 587 aliorum
439 521 695 588 emolumentum
720 521 820 599 exire,
845 527 953 588 eant.“
979 522 1084 589 Porro
1107 542 1278 590 commune
1301 521 1526 590 Diractorium

275 629 351 696 pag.
375 607 460 674 578:
484 605 645 677 Monacho
668 629 733 674 non
760 606 973 696 Presbytero,
998 610 1121 698 absque
1135 631 1291 678 manuum
1313 609 1527 699 impositione

276 695 456 785 episcopali
478 696 515 766 in
537 695 676 764 ambone
695 695 807 782 legere
829 703 890 762 aut
913 719 1031 764 canere
1067 720 1132 765 non
1154 697 1255 784 licet,
1280 696 1388 766 altare
1410 701 1526 766 autem

276 783 467 851 subintrare
490 806 678 852 concessum
712 785 746 849 in
779 783 936 851 honorem
960 790 1071 853 status
1095 785 1309 854 monachalis.

274 965 309 1059 ἓ.
339 961 435 1043 172.
463 963 527 1044 Dc
552 960 748 1044 utilitate
775 960 975 1044 Instituti
1002 963 1328 1068 Religiosornm
1354 958 1526 1042 scuMo·

770 1088 1022 1171 nechoram.

368 1232 570 1300 Institutum
593 1231 832 1300 Monacborum
857 1257 916 1301 seu
939 1235 1185 1322 Religiosorum
1214 1257 1281 1302 non
1304 1235 1357 1300 est
1379 1231 1421 1296 ad
1443 1233 1526 1299 otio·

274 1342 354 1402 sam,
379 1321 436 1388 sed
460 1321 503 1387 ad
525 1319 724 1387 laboriosam
747 1321 852 1388 vitam
868 1322 918 1406 „si
942 1324 1016 1412 quis
1039 1324 1116 1391 vult
1136 1329 1215 1414 post
1237 1343 1289 1389 me
1301 1319 1415 1388 venire
1427 1321 1526 1388 abne·

272 1415 332 1496 get
354 1410 565 1498 semetipsum
590 1408 641 1475 ait
663 1408 829 1491 Christus,
853 1411 956 1478 tollat
979 1435 1108 1480 crucem
1132 1414 1524 1496 suametsequaturme3

272 1497 363 1576 item,
386 1497 470 1564 Esto
493 1495 604 1563 fidelis
628 1499 805 1582 (certator)
829 1500 999 1586 usquead
1024 1507 1172 1582 mortem,
1198 1507 1233 1567 at
1256 1499 1341 1565 dabo
1386 1495 1448 1564 tibi
1472 1519 1526 1564 co-

272 1606 387 1650 ronam
410 1585 534 1653 vitae.“
559 1584 715 1652 Christus
737 1587 808 1674 ipse
831 1588 969 1654 secessit
992 1587 1034 1656 ad
1059 1595 1215 1670 montem,
1245 1592 1284 1655 ut
1321 1584 1412 1653 solus
1449 1607 1523 1652 cum
1579 1636 1582 1642 .

271 1672 372 1740 Patre
396 1672 532 1740 coelesti
555 1675 587 1737 in
612 1673 763 1739 oratione
787 1674 1001 1762 transigeret,
1043 1677 1227 1765 exemplum
1272 1674 1390 1752 factus,
1435 1673 1524 1759 quod

272 1760 425 1850 discipuli
450 1761 523 1847 ejus
545 1760 745 1846 imitentur;
769 1785 835 1828 non
859 1764 978 1829 mirum
1001 1765 1109 1851 igitur
1132 1766 1223 1832 viros
1235 1762 1439 1830 sublimioris
1450 1783 1523 1850 per·

271 1847 426 1916 iectionis
450 1848 628 1930 studiosos,
652 1851 922 1938 omnitempore,
946 1852 1037 1919 inter
1059 1875 1141 1941 quos
1163 1859 1199 1920 et
1230 1851 1397 1940 Episcopi,
1421 1855 1524 1938 prout

271 1936 304 2004 S.
328 1940 540 2024 Augustinus
563 1944 598 2003 et
620 1937 652 2003 S.
677 1937 844 2004 Martinus
868 1939 1083 2022 Turonensis,
1131 1944 1303 2010 memorari
1341 1946 1520 2020 merentur,

271 2048 291 2090 a
313 2026 438 2093 saeculi
461 2025 606 2113 strepitu
629 2022 671 2090 ad
695 2025 921 2108 solitudinem,
946 2027 988 2092 ad
1006 2029 1202 2096 asceterium
1215 2027 1434 2095 monasticum
1447 2049 1522 2094 con·

270 2114 407 2201 fugisse,
431 2120 471 2180 ut
493 2114 564 2179 sine
587 2113 822 2201 impedimento
847 2115 1012 2182 servirent
1035 2117 1118 2198 Deo,
1142 2115 1353 2206 sapientiam,
1377 2114 1521 2200 quaein

270 2225 366 2270 cruce
388 2201 515 2270 Christi
539 2207 592 2268 est
614 2201 866 2285 meditarentur,
891 2213 993 2290 atque
1016 2227 1075 2292 per
1108 2207 1265 2272 meritum
1310 2204 1464 2270 assiduae
1486 2210 1522 2268 et

270 2291 487 2370 indesinentis
510 2290 670 2356 orationis
690 2289 788 2376 juxta
811 2290 844 2357 S.
868 2291 1026 2358 Paulum:
1052 2292 1152 2374 „Siue
1175 2295 1240 2360 fine
1263 2297 1388 2372 orate,“
1434 2313 1520 2381 quae

270 2380 371 2446 etiam
393 2381 430 2446 in
452 2379 558 2445 statui
581 2377 738 2448 conformi
764 2379 845 2460 vita,
879 2380 1034 2467 operibus
1057 2382 1247 2458 meritoriis,
1270 2385 1305 2448 et
1328 2385 1446 2447 sancte
1468 2401 1520 2446 oc·

269 2468 445 2556 cupatione
468 2489 503 2533 se
526 2465 767 2548 manifestaret,
790 2489 932 2556 superne
954 2468 1137 2536 illuminati
1182 2470 1264 2558 ipsis
1310 2467 1460 2554 Regibus
1483 2475 1520 2534 et

268 2555 479 2644 Principibus
503 2565 612 2621 terrae
634 2554 820 2641 sapientiae
843 2556 984 2622 consilia
1019 2557 1149 2639 darent,
1174 2556 1280 2624 etsie
1313 2564 1385 2624 tam
1407 2555 1520 2622 Eccle-

268 2646 337 2710 siae
359 2667 458 2732 quam
481 2643 620 2711 Civitati
641 2643 821 2794 plurimum
845 2645 1051 2732 prodessent.
1076 2645 1233 2714 Claustra
1263 2644 1424 2711 fovebant
1457 2642 1520 2711 aci·

267 2731 386 2816 entias,
411 2733 619 2818 collegerunt
665 2730 871 2812 ibliothecas,
897 2733 1177 2822 antiquitatisque
1189 2739 1402 2802 monumenta
1418 2753 1426 2816 3
1443 2754 1520 2820 ape·

267 2828 408 2886 ruerunt
430 2818 569 2900 scholas,
591 2839 755 2904 agrorum,
780 2821 913 2901 artium,
938 2827 973 2886 et
994 2822 1210 2890 scientiarum
1232 2821 1400 2890 culturam
1444 2841 1519 2907 pro·

267 2914 453 2990 moverunt,
477 2908 628 2973 mitiores
651 2905 850 2975 christianos
873 2930 980 2976 morea
1008 2919 1248 2998 propagarunt,
1293 2907 1519 2994 Evangelium

266 3018 371 3081 usque
394 2997 436 3062 ad
459 2996 542 3062 fines
565 3001 676 3061 terrae
697 2997 943 3082 praedicarunt,
967 2999 1163 3085 sanguinem
1186 3021 1246 3088 pro
1269 2995 1403 3064 nomine
1425 2995 1519 3064 Chri-

267 3084 313 3150 sti
360 3085 576 3169 rofuderunt;
601 3083 750 3172 exemplo
773 3085 949 3153 severioris
972 3087 1074 3166 vitae,
1121 3088 1243 3175 spiritu
1289 3084 1435 3165 coelesti,
1482 3089 1518 3152 et

267 3108 456 3239 obedientia
478 3172 610 3261 populis
631 3172 862 3261 praelucentes
884 3173 1042 3242 Monachi
1065 3176 1196 3242 eosdem
1230 3175 1266 3241 in
1290 3173 1447 3260 obsequio
1471 3172 1517 3240 le·

266 3283 346 3344 gum
369 3269 438 3327 tam
462 3263 760 3346 ecclesiasticarum
783 3285 881 3350 quam
927 3262 1077 3332 civilium
1122 3266 1382 3344 continuerunt;
1430 3282 1516 3344 quae

267 3351 488 3417 emolumenta
510 3357 580 3416 tam
602 3349 781 3431 Ecclesiae,
807 3373 904 3436 quam
928 3358 962 3418 et
985 3353 1140 3418 societati
1165 3351 1254 3418 civili
1277 3349 1450 3435 hodiequo
1474 3371 1516 3416 uc

265 3437 619 3526 Religiosipraestant,
644 3445 679 3505 et
701 3441 921 3526 praestabunt
944 3462 1047 3529 usque
1071 3439 1114 3507 ad
1136 3440 1236 3506 finem
1258 3371 1516 3525 temporum.th

265 3532 292 3591 si
315 3527 449 3615 quidam
472 3550 490 3592 e
511 3526 704 3612 Religiosis,
730 3528 914 3595 vocationis
938 3550 1017 3596 suaa
1049 3531 1254 3595 immemores
1299 3525 1515 3607 exstiterunt,

266 3614 360 3698 eique
384 3615 667 3696 contradixerunt,
692 3619 727 3682 st
750 3622 900 3702 egerunt,
925 3617 984 3705 qui
1007 3625 1119 3683 tamen
1140 3616 1388 3706 proportionem
1402 3611 1515 3680 Judae

265 3723 332 3768 non
355 3703 491 3782 faciunt,
516 3703 602 3769 iilud
625 3711 677 3770 est
700 3703 897 3771 demeritum
922 3704 1145 3791 singularium
1167 3703 1406 3771 Monachcrum
1443 3723 1516 3790 per·

265 3791 388 3872 sonale,
413 3813 477 3856 non
503 3812 582 3857 vero
605 3799 716 3857 status
740 3797 774 3858 et
796 3792 955 3859 instituti
977 3793 1224 3874 Monachorum,
1269 3791 1337 3858 oui·
1367 3811 1428 3856 nec
1451 3792 1515 3878 ipsi

265 3879 395 3961 quidem
417 3877 588 3946 Ecclesiae
611 3878 804 3947 Catholicae
827 3881 1012 3965 adversarii
1047 3882 1203 3948 meritum
1248 3886 1282 3947 et
1326 3877 1514 3946 utilitatem

265 3968 430 4055 abnegare
450 3972 677 4056 praesumunt,
727 3967 807 4056 quin
841 3968 906 4034 imo
931 3970 1032 4035 etiam
1055 3968 1159 4036 inviti
1203 3968 1239 4035 in
1284 3966 1416 4033 laudem
1442 3964 1514 4053 ejus

264 4055 486 4122 confessiones
509 4055 688 4141 emittunt;
713 4094 756 4105 —
788 4056 973 4144 exquibus
997 4056 1098 4124 liceat
1122 4079 1234 4138 unum,
1260 4075 1400 4143 eumque
1423 4054 1514 4140 inge-

264 4145 487 4212 niosissimum
510 4150 545 4212 et
568 4143 830 4211 eruditissimum
854 4146 906 4210 sui
929 4146 1088 4233 temporis
1112 4149 1356 4235 protestantem
1378 4140 1513 4209 Leibni-

264 4232 349 4301 tium
372 4233 511 4314 adferre,
535 4233 593 4320 qui
616 4235 651 4298 in
673 4253 733 4300 suo
756 4231 948 4321 Systemate
972 4233 1175 4321 Theologiac
1197 4232 1436 4300 Monacborum
1458 4229 1514 4298 In·

263 4321 423 4390 stitutum
446 4343 480 4388 se
504 4321 661 4389 uentibus
684 4321 841 4389 encomiis
864 4322 1098 4410 prosequitur:
1122 4321 1263 4410 „ltaque
1286 4320 1397 4389 fateor
1420 4318 1513 4402 mihi,

263 4409 381 4480 scribit
404 4409 471 4491 ille,
528 4409 683 4496 eligiosos
707 4409 849 4491 ordines,
873 4411 1011 4498 piasque
1034 4411 1329 4480 confraternitates
1352 4431 1391 4476 ac
1414 4407 1514 4476 socie·

263 4506 362 4583 tates,
387 4497 518 4583 aliaque
540 4497 727 4585 hujusmodi
751 4497 934 4564 laudabilia
957 4501 1125 4580 instituta,
1139 4496 1510 4601 miraprobatafuisse;

264 4594 344 4657 sunt
367 4586 454 4656 euim
478 4589 571 4674 quasi
594 4586 748 4654 coelestis
771 4586 931 4676 quaedam
954 4587 1077 4654 militia
1099 4589 1134 4654 in
1157 4592 1268 4668 terma,
1292 4587 1322 4654 si
1345 4583 1441 4652 modo
1463 4606 1513 4651 re-

263 4678 364 4746 motis
386 4675 681 4764 depravationibus
704 4681 737 4744 et
760 4676 919 4744 abusibus
935 4675 1114 4744 secundum
1122 4676 1281 4744 instituta
1294 4673 1509 4742 fundatorum
