3476 5366
305 695 339 789 ἓ.
373 690 464 772 133.
492 690 604 770 Jura
630 688 902 790 Presbyterii
930 691 1204 772 Cathedralis
1228 692 1322 773 sive
1344 690 1546 794 Capituli,

650 813 760 894 Sede
775 813 979 918 Episcopi
1006 817 1203 899 vacante.

400 984 548 1053 Canones
572 979 750 1048 orientales
773 980 864 1048 intra
887 986 956 1049 tres
991 1005 1118 1052 menses
1164 1006 1184 1052 a
1229 989 1334 1052 morte
1379 981 1502 1066 Episco
1527 981 1548 1066 i,

304 1072 505 1161 Episcopum
528 1069 610 1154 eligi
629 1068 748 1156 jubent
773 1068 909 1155 (Concil.
934 1070 1200 1139 Chalcedonense
1223 1072 1301 1140 Cau.
1325 1069 1450 1157 XXV.)
1495 1005 1549 1172 fn·

304 1167 398 1229 terea
419 1182 498 1228 vero
521 1156 784 1244 Presbyterium,
809 1158 880 1224 sive
903 1158 1095 1246 Capitulum
1107 1159 1307 1228 cathedrale
1330 1161 1365 1226 iu
1387 1158 1549 1245 regimme

305 1248 473 1316 Dioecesis
496 1245 654 1328 succedit,
678 1249 714 1312 et
736 1245 906 1331 obligatur
929 1251 1018 1314 intra
1042 1254 1115 1315 ecto
1134 1247 1204 1314 dies
1227 1271 1247 1314 a
1269 1253 1375 1315 morte
1387 1247 1510 1335 Episcc
1536 1245 1548 1310 i

304 1337 476 1405 Vioarium
498 1331 683 1422 generalem
709 1333 925 1420 capitularem
948 1334 1102 1402 idoneum
1125 1337 1259 1424 eligere,
1283 1336 1352 1403 uisi
1375 1337 1469 1403 malit
1491 1269 1549 1401 td-

306 1426 431 1493 carium
453 1424 494 1490 ab
516 1422 547 1489 E
571 1422 681 1510 iscope
704 1423 858 1489 relictum
882 1443 947 1512 qua
970 1425 1183 1511 capitularem
1199 1423 1403 1492 confirmare.
1419 1421 1547 1506 Quodsi

175 1525 177 1532 '
306 1514 500 1581 electionem
556 1509 650 1577 icarii
674 1515 709 1576 et
732 1510 863 1593 quidem
886 1533 945 1599 per
969 1522 1048 1578 vota
1070 1513 1222 1579 absolute
1245 1512 1370 1598 majora
1393 1512 1429 1578 in
1451 1510 1549 1599 pleno

306 1601 460 1690 Capitulc
482 1599 725 1666 incumbentem
747 1597 908 1700 negligat,
930 1599 985 1686 jus
1020 1601 1244 1668 constituendi
1290 1599 1461 1669 Vicerium
1507 1598 1552 1664 ad

305 1687 597 1776 Metropolitanum
620 1685 820 1767 devolvitur,
840 1708 962 1775 Jusque
983 1686 1045 1754 hoc
1068 1688 1145 1755 sede
1167 1689 1428 1777 Metropolitana
1446 1685 1549 1754 etiam

306 1783 456 1858 vacante,
481 1775 523 1841 ad
546 1772 738 1861 Capitulum
762 1773 909 1862 ejusdem
932 1775 1145 1845 transfertur.
1170 1776 1267 1860 Quod
1290 1776 1321 1846 si
1338 1798 1417 1844 vero
1430 1778 1552 1863 agatur

307 1865 347 1934 de
369 1863 505 1934 Vioario
527 1861 714 1949 capitulari
738 1862 904 1930 Ecclesiae
926 1863 1214 1952 Metropolitanae,
1237 1864 1292 1953 jus
1305 1863 1494 1933 devolvitur
1506 1861 1551 1930 ad

306 1952 527 2040 antiquiorem
549 1950 750 2039 Episcopum
775 1971 816 2016 ex
838 1950 1069 2038 suffraganeis.

401 2041 555 2109 (letarum
578 2043 728 2127 potestas
750 2037 960 2124 Presbyterii
983 2041 1055 2110 sive
1078 2041 1227 2128 Capituli
1249 2041 1358 2129 quoad
1371 2039 1448 2129 jura
1472 2039 1551 2130 Epi·

307 2131 398 2220 scopi
420 2128 515 2195 modo
539 2126 722 2216 provisoris
746 2125 953 2194 succedentis
977 2129 1010 2214 1)
1034 2151 1099 2196 non
1122 2151 1156 2197 se
1180 2129 1331 2197 exteudit
1353 2128 1554 2197 adiunctio·

307 2240 365 2286 nes
388 2217 514 2286 ordinis
537 2213 882 2304 episcopalis-Potest
905 2220 1017 2283 tamen
1041 2217 1237 2284 facultatem
1259 2217 1464 2306 pontificalia
1482 2239 1552 2284 mu·

307 2309 363 2376 uia
385 2302 557 2374 exercendi
580 2303 686 2370 alieno
709 2302 740 2370 E
764 2303 875 2391 iscopo
898 2304 1083 2387 concedere,
1108 2305 1143 2393 2)
1175 2328 1241 2372 non
1273 2305 1421 2374 succedit
1442 2304 1479 2372 in
1501 2305 1552 2372 eis

307 2416 391 2484 quae
413 2399 493 2461 sunt
514 2392 704 2480 personalia
758 2390 893 2480 piscopi,
918 2415 977 2460 seu
1000 2415 1084 2482 quae
1107 2416 1147 2460 ex
1191 2394 1329 2482 speciali
1372 2393 1448 2481 jure
1490 2398 1552 2460 aut

306 2481 481 2573 privilegio
504 2502 618 2548 sacrae
641 2480 735 2548 Sedis
758 2480 960 2568 apostolicae
984 2483 1088 2548 eidem
1111 2486 1312 2569 competunt,
1337 2481 1372 2572 3)
1386 2503 1451 2550 non
1477 2485 1552 2570 pet-

307 2576 359 2640 est
396 2575 522 2638 statum
545 2568 717 2636 Ecclesiae
740 2570 893 2636 vacantis
915 2571 1100 2650 immutare,
1125 2573 1241 2637 autin
1273 2569 1449 2638 discrimen
1495 2591 1553 2636 vo·

307 2681 391 2741 care,
415 2679 516 2744 quere
538 2678 603 2724 non
625 2662 738 2745 potest
760 2657 905 2723 alienare
927 2679 981 2724 res
1004 2657 1167 2724 servando
1189 2657 1382 2739 servabiles,
1409 2679 1473 2725 nou
1497 2679 1554 2746 op-

306 2749 484 2838 pignorare
517 2752 577 2812 aut
611 2765 756 2825 onerare,
794 2745 844 2830 4)Ὶ
862 2750 1014 2832 potestas
1044 2744 1194 2847 Capituli
1228 2768 1333 2836 neque
1367 2746 1409 2814 ad
1444 2767 1483 2814 ea
1516 2767 1553 2812 se

307 2835 467 2914 extendit,
491 2855 575 2917 quae
597 2854 701 2920 usque
724 2831 1022 2900 denominationem
1043 2833 1202 2921 Episcopi
1226 2856 1350 2902 moram
1361 2833 1552 2923 patiuntur,

306 2925 394 2991 unde
415 2943 480 2990 non
503 2926 615 3009 potest
651 2919 807 2989 beneficia
842 2919 1095 3024 conferre-quae
1125 2921 1232 2988 solum
1269 2921 1459 2990 collationis
1481 2925 1551 3010 epi·

169 3017 177 3036 ⁸
307 3009 460 3100 scopialis
482 3015 578 3093 suut,
603 3030 668 3074 nen
692 3009 786 3074 unire
809 3015 868 3074 aut
890 3030 1095 3096 supprimere
1118 3009 1284 3092 beneficia,
1306 3033 1373 3078 nen
1394 3009 1553 3078 inchoare

307 3100 402 3258 libem
436 3118 535 3186 super
568 3096 663 3164 bonis
706 3095 877 3166 Ecclesiae
908 3105 1003 3166 extre
1035 3120 1147 3166 casum
1190 3099 1397 3169 inevitabilis
1443 3118 1555 3166 neces·

307 3189 335 3256 si
355 3188 434 3257 atis.

523 3388 557 3482 ἓ.
602 3383 694 3469 134.
721 3385 785 3466 De
813 3383 978 3470 Officiis
1006 3385 1331 3470 Canonicorum.

404 3555 613 3644 Capitulares
637 3559 706 3623 sive
730 3555 886 3626 Canonioi
909 3556 1020 3623 varios
1044 3555 1172 3636 titulos,
1197 3553 1382 3642 dignitates
1419 3557 1455 3620 et
1479 3551 1556 3620 offi-

308 3643 359 3712 cia
381 3644 514 3712 habent.
540 3644 573 3733 1)
595 3644 783 3732 Praepositi
807 3644 1020 3735 Capitularis,
1046 3648 1205 3733 quaeest
1248 3643 1356 3731 prima
1402 3641 1554 3728 dignitas

307 3739 384 3821 post
407 3733 635 3822 episcopalem,
659 3732 733 3798 ideo
757 3734 895 3801 absente
917 3733 1084 3821 Episcopo
1107 3733 1280 3801 Canonicis
1326 3729 1552 3816 collegialiter

309 3821 554 3888 celebrantibus
577 3819 630 3907 jus
652 3821 868 3909 pontificandi
892 3821 1011 3905 habet;
1035 3821 1122 3889 idem
1146 3819 1362 3908 Praepositus
1386 3817 1555 3906 porrcha·

309 3909 365 3975 bet
388 3909 441 3997 jus
463 3908 655 3996 Capitulum
677 3911 911 3996 congregandi,
936 3909 1105 3994 eidemque
1127 3907 1347 3997 praesidendi,
1383 3905 1553 3975 consulta-

308 3999 415 4064 tiones
429 3996 605 4084 dirigendi‚
627 4003 661 4062 et
686 3997 841 4063 conclusa
864 3997 1014 4084 Capituli
1037 3998 1169 4064 effectui
1195 3995 1413 4082 mancipandi.
1437 3993 1471 4079 2)
1497 3993 1555 4061 Of-

308 4083 420 4152 ficium
441 4084 592 4153 Lectoris
616 4084 783 4166 Canonici,
807 4085 865 4173 qui
888 4086 971 4151 alias
994 4085 1279 4152 Archi-Diaccuus
1302 4082 1473 4150 Ecclesiae
1493 4081 1556 4150 Ca·

309 4172 472 4242 thedralis
495 4172 695 4254 nominatur,
719 4173 814 4258 cujus
838 4173 983 4240 officium
1008 4179 1060 4240 est
1083 4173 1251 4242 custodire
1296 4170 1482 4239 Archivum
1518 4177 1557 4238 et

310 4259 506 4330 documenta
529 4261 606 4329 fidei
629 4260 777 4349 Capituli
801 4261 999 4330 concredita.
1024 4261 1059 4417 33
1083 4261 1243 4329 Canonici
1265 4259 1430 4339 Cantoris,
1455 4256 1555 4346 cujus

309 4355 362 4418 est
384 4351 568 4421 officiorum
591 4349 778 4416 divinorum
801 4349 837 4415 in
859 4349 1009 4417 Ecclesia

309 4459 382 4505 rum
406 4461 517 4506 curam
540 4438 670 4506 babere.
691 4436 726 4524 4)
749 4438 908 4507 Canonioi
930 4438 1097 4520 Custodia,
1123 4439 1180 4524 qui
1202 4460 1314 4505 curam
1327 4435 1418 4523 gerit
1440 4434 1554 4504 totius

310 4527 529 4615 supellectilis
550 4524 729 4594 Ecclesiae.
754 4525 788 4614 5)
814 4525 1011 4594 Scholastici
1035 4526 1204 4610 Canoniei,
1244 4527 1286 4593 ad
1331 4522 1555 4592 erudiendum

311 4617 442 4685 Clerum
462 4615 638 4704 juniorem.
663 4615 696 4701 6)
720 4614 928 4696 Camellani,
953 4615 1009 4771 pei
1043 4615 1269 4686 Cancellariae
1314 4611 1493 4704 capitulari
1518 4618 1557 4682 et

310 4728 369 4794 pro
392 4703 652 4772 circumstantiis
677 4703 777 4774 etiam
801 4703 980 4792 episcopai
1003 4708 1145 4793 praeest.

1060 4349 1226 4416 athedrali
1249 4350 1315 4416 rite
1349 4345 1556 4435 peragendo·
1678 4386 1690 4413 v
