3464 5366
297 579 376 735 11ᾱεὶ
395 589 559 736 tepeatur.
584 583 657 650 Hac
679 585 767 652 enim
790 586 993 652 auctoritate
1015 587 1166 667 subruta,
1197 587 1415 654 subrueretur
1438 589 1544 656 omnis

296 690 358 736 auc
377 689 430 736 orr
445 690 491 736 aa.

298 870 332 966 ξ.
363 867 430 952 70.
459 812 569 954 Jurn
596 870 781 954 Romani
806 869 1044 970 Pontificis,
1073 895 1160 974 qua
1200 871 1434 957 universae
1473 873 1546 958 llo·

638 1017 640 1022 ’
721 1018 881 1102 clesiae
908 1019 1118 1103 Rectoris.

317 1273 325 1290 .
392 1183 480 1341 erra
502 1185 642 1254 Romani
665 1185 853 1256 Pontificio·
869 1209 934 1277 qua
962 1185 1163 1256 universalis
1208 1187 1380 1257 Ecclesiae
1423 1187 1543 1258 Recto-

297 1293 344 1342 ns
366 1294 427 1341 sun
457 1297 465 1340 :

390 1381 428 1469 1)
450 1381 516 1451 Jus
539 1382 765 1451 constituendi
788 1383 882 1470 gregi
907 1385 1066 1454 Pastores
1088 1388 1159 1452 sive
1182 1383 1375 1474 Episcopus,
1389 1406 1445 1453 eos
1468 1406 1542 1453 con·

297 1469 460 1553 firmandi,
484 1477 519 1539 et
542 1471 698 1540 canonice
720 1471 932 1540 instituendi.
978 1471 1043 1541 Jus
1086 1471 1217 1559 quidem
1263 1472 1545 1541 denominationis

297 1557 536 1647 Episcoporum
560 1559 808 1649 Imperantibus
831 1559 1011 1629 Catholicis
1035 1561 1075 1630 de
1095 1563 1171 1664 Jure
1191 1559 1398 1628 Patronatus
1421 1582 1545 1650 compe·

297 1648 626 1806 {t’tyigfffxmmen
648 1647 820 1738 privilegii
844 1648 1043 1738 Apostolici.
1059 1649 1147 1719 Vrde
1160 1647 1361 1718 Concoroati
1373 1648 1546 1718 Austriaci

332 1755 406 1803 rro.
520 1785 527 1802 .
923 1757 929 1772 ’
1541 1776 1543 1781 -

394 1844 427 1932 2)
450 1843 515 1913 Jus
538 1847 723 1936 Episcopos
744 1850 883 1935 propter
901 1846 1022 1912 bonnm
1045 1844 1216 1913 Ecclesiae
1250 1845 1294 1913 ad
1324 1843 1410 1913 alias
1447 1844 1541 1914 sedes

298 1931 534 2089 ἓξὲξῗίΐξὲἓξὲξ,
558 1935 610 2005 vel
634 1957 747 2004 eornm
770 1932 1013 2002 abdicationem
1036 1933 1242 2024 acceptandi‚
1266 1939 1301 2001 et
1328 1933 1547 2078 coadjutores

394 2131 428 2218 3)
452 2129 517 2200 Jus
540 2131 696 2222 poscendi
721 2132 763 2200 ab
786 2131 938 2200 omuibus
960 2131 1135 2222 Episcopi·
1164 2123 1351 2200 ⁴relationes
1380 2135 1415 2198 et
1447 2131 1547 2198 infor·

298 2217 464 2286 mationes
487 2218 529 2287 da
552 2227 646 2288 statu
669 2219 776 2288 totins
799 2219 979 2302 Ecclesiae,
1003 2241 1180 2310 eorumque
1202 2241 1336 2288 sensum
1380 2219 1415 2286 in
1461 2218 1547 2308 obje-

291 2305 363 2374 ctis
388 2307 581 2390 doctrinam,
605 2329 723 2390 mores‚
747 2314 847 2397 atque
881 2307 1092 2398 disciplinam
1127 2307 1383 2376 ecclesiasticam
1419 2329 1547 2375 concer-

298 2395 456 2464 nentibus
480 2395 685 2487 explorandi.

394 2509 431 2595 4)
454 2505 520 2575 Jus
542 2507 668 2576 unitati
692 2507 779 2589 fidei,
802 2506 946 2597 puritati
969 2527 1106 2588 morum,
1130 2510 1165 2574 et
1187 2501 1381 2593 integritati
1403 2504 1548 2594 discipli·

299 2615 362 2664 nae
384 2591 596 2683 invigilandi,
621 2601 655 2663 et
678 2617 749 2663 eam
773 2593 1018 2662 manutenendi.

396 2708 432 2793 b)
454 2705 520 2777 Jus
543 2705 692 2774 Consilia
714 2705 885 2793 generalia
907 2685 1142 2793 congregandi,
1166 2703 1209 2772 iis
1232 2701 1442 2792 praesidendi
1465 2707 1548 2772 etea

300 2793 528 2864 confirmandi.

395 2903 711 2992 dunscanorum
735 2902 1042 2984 ecclesiasticorum,
1067 2904 1139 2970 sive
1161 2901 1273 2990 legum
1306 2901 1546 2973 ecclesiastica·

299 3015 373 3060 rum
396 2995 582 3065 executioni
604 2991 811 3073 intendendi,
835 2997 870 3059 et
893 3012 965 3059 eam
987 2989 1196 3080 procurandi.
1287 3019 1293 3032 ¹

396 3104 430 3191 7)
453 3102 519 3172 Jus
541 3102 688 3191 Legatos
710 3103 753 3170 'ad
774 3103 963 3194 provincias
999 3100 1243 3170 ecclesiasticas
1275 3100 1329 3169 vel
1374 3100 1550 3172 Dioeceses

300 3191 468 3275 mittendi,
491 3213 636 3281 suaeque
658 3191 838 3280 potestatis
860 3189 1013 3260 Vicarios
1037 3189 1274 3258 constituendi.

363 3301 432 3457 hg)
455 3301 521 3458 {lus
543 3303 663 3371 Libros
685 3301 886 3391 perniciosos
907 3300 1144 3392 proscribendi,
1168 3306 1203 3369 et
1225 3299 1401 3370 lectionem
1436 3324 1551 3372 eorum

300 3410 360 3478 pro
385 3414 395 3456 1
419 3413 459 3458 en
484 3415 504 3457 1.

396 3500 432 3591 9)
456 3499 522 3570 Jus
543 3522 649 3569 novas
670 3498 766 3570 sedes
789 3499 1006 3591 Episcopales
1029 3500 1190 3588 erigendi,
1221 3504 1350 3570 erectas
1372 3499 1549 3572 Dioaoeses

301 3587 485 3670 dividendi,
509 3595 570 3658 aut
591 3589 743 3658 uniendi.

398 3699 453 3787 10)
476 3699 502 3769 J
503 3719 542 3766 us
564 3697 726 3767 beneficia
748 3698 974 3767 ecclesiastica
1003 3696 1184 3780 dividendi,
1207 3695 1343 3766 uniendi
1388 3701 1449 3765 aut
1470 3718 1549 3788 pen·

301 3787 451 3856 sionibus
479 3786 648 3880 onerandi.

398 3898 455 3989 11)
478 3897 544 3967 Jus
567 3919 747 3966 consensus
770 3897 812 3964 ad
846 3896 1121 3966 abalienationem
1155 3896 1315 3964 bonorum
1350 3894 1553 3965 ecclesiasti-

302 4006 423 4054 corum.

344 4187 351 4202 ⁸
374 4095 544 4252 ·12AE·Jus
567 4102 679 4164 rectae
701 4094 986 4164 administrationi
1008 4096 1168 4207 bonorum
1190 4095 1552 4164 ecclesiasticorbmin·

301 4209 318 4252 s
343 4207 426 4253 rcren
451 4209 473 4252 1.
1014 4209 1015 4214 ¹

319 4207 341 4274 p
398 4296 455 4387 13)
478 4294 544 4364 Jus
566 4296 804 4382 proprietatem
827 4294 998 4364 Ecclesiae
1019 4296 1143 4363 tuendi.

355 4492 363 4509 .
398 4406 453 4484 14)
467 4406 532 4509 'Ad
556 4405 805 4488 ecclesiastieae,
829 4411 865 4472 et
887 4404 995 4509 civilis
1017 4406 1197 4509 potestatis
1220 4405 1256 4472 in
1279 4409 1395 4508 mutua
1439 4425 1544 4474 corra-

302 4493 428 4562 latroce
450 4493 574 4560 hmites
598 4493 797 4580 deligendos,
822 4516 895 4562 cum
918 4494 1130 4583 Prrncrpibus
1174 4494 1394 4581 regnantibus
1439 4497 1548 4582 pacta,

302 4582 373 4650 sive
397 4580 600 4650 concordata
622 4580 769 4650 ineundi.

399 4691 456 4777 15)
479 4691 544 4759 Jus
567 4689 702 4758 ordines
725 4690 902 4778 religiosos
925 4692 1165 4774 introducendi,
1190 4697 1225 4760 et
1248 4645 1411 4760 abolendi.
