3476 5366
782 179 789 188 ’
824 211 831 251 l

302 559 460 639 damuati,
483 579 549 626 uon
572 559 615 624 ad
636 560 868 647 imperatores,
893 559 951 628 sed
975 560 1064 648 apud
1081 558 1304 648 apostolicam
1327 559 1436 626 sedem
1452 558 1551 638 ,etad

302 646 487 713 Romanum
510 646 707 714 Pontificem
730 647 986 800 appellationem
1009 650 1218 735 interponere
1242 647 1426 727 curarunt,
1449 654 1552 734 prout

301 733 566 801 luculentissima
586 733 750 802 historiae
796 742 970 806 ocumenta
992 741 1173 802 testantur.
1197 733 1332 802 Etenim
1367 733 1550 801 Athanasii

302 844 402 888 causa
423 821 466 887 ad
488 821 618 889 dulium
641 823 827 888 Romanum
849 823 1045 890 Pontificem
1075 824 1187 889 delata
1209 823 1278 889 fuit
1306 845 1350 889 'ao
1395 820 1548 902 definita,

185 993 189 998 ¹
301 909 574 998 quemadmodum
597 910 751 976 Socrates
774 916 809 976 et
835 911 1036 978 Sozomenns
1058 910 1270 998 testantur,²)
1294 916 1397 998 atque
1417 933 1459 976 ex
1481 911 1545 998 epi·

301 997 399 1064 stolis
422 997 568 1084 ejusdem
592 997 767 1064 Pontificis
789 1000 998 1086 apertissime
1021 1000 1160 1066 eruitur.
1185 998 1242 1065 Ad
1287 1021 1420 1064 causam
1464 1019 1545 1064 vero

301 1085 369 1152 Chr
395 1085 532 1153 sostomi
578 1085 643 1151 uod
666 1086 800 1166 attinet,
827 1094 949 1154 norunt
973 1088 1094 1154 eruditi
1118 1108 1239 1168 omnes,
1275 1085 1551 1174 quemadmodum

227 1243 231 1252 ,
301 1172 335 1242 S.
392 1181 484 1241 octor
506 1107 799 1242 adqlnnocentium
822 1174 849 1239 Ι.
873 1197 1036 1242 summum
1067 1174 1260 1242 Pontificem
1306 1175 1551 1262 provocaverit,

273 1294 275 1303 ·
300 1268 401 1350 prout
423 1268 606 1329 memorant
628 1261 790 1348 epistolae
812 1261 954 1330 Honorii
976 1262 1194 1352 Imperatoris
1217 1261 1260 1330 ad
1284 1261 1506 1351 Arcadiumfl)

326 1437 360 1536 ξ.
392 1439 482 1519 187.
510 1439 729 1520 Personae
757 1439 1079 1522 ecclesiasticae
1107 1464 1194 1542 qua
1232 1419 1360 1522 Cives
1395 1436 1519 1520 civili

711 1565 898 1647 subsunt
937 1567 1135 1671 Imperio.

395 1711 563 1778 Personae
585 1710 831 1779 ecclesiasticae
861 1734 927 1801 qua
957 1713 1106 1782 membra
1134 1711 1306 1786 societatis
1341 1708 1462 1790 civilis,
1491 1731 1554 1776 seu

238 1797 240 1804 ’
301 1819 366 1886 qna
389 1798 488 1880 cives,
523 1797 631 1866 relate
654 1795 696 1864 ad
730 1800 877 1890 actiones
902 1806 937 1868 et
971 1801 1106 1888 negotia
1132 1800 1275 1905 profana
1297 1797 1391 1865 civili
1413 1797 1553 1886 imperio
1589 1801 1593 1808 '

302 1893 337 1952 et
353 1885 582 1973 jurisdictioni
604 1887 767 1972 subsunt;
791 1888 868 1956 hinc
886 1887 919 1974 1)
943 1887 1051 1974 Leges
1076 1889 1191 1956 civries
1214 1909 1274 1976 pro
1305 1893 1380 1954 tota
1411 1886 1554 1953 civitate

300 1973 391 2042 latae
413 1975 558 2044 Clericus
581 1977 682 2042 etiam
704 1975 798 2042 salva
829 1997 939 2043 eorum
974 1976 1140 2064 dignitate
1170 1981 1205 2043 et
1238 1974 1353 2042 ordine
1387 1973 1553 2060 obligant,

300 2061 405 2129 salvis
421 2064 558 2150 insuper
581 2082 692 2130 eorum
715 2065 903 2151 privilegiis
933 2064 977 2131 ad
1009 2087 1158 2132 normam
1189 2086 1356 2131 sacrorum
1380 2062 1554 2130 canonum

301 2155 336 2216 et
357 2149 463 2217 initae
485 2150 726 2218 conventionis.
751 2151 784 2218 S.
808 2153 934 2219 Paulus
957 2153 1044 2221 enim
1067 2153 1231 2221 neminem
1254 2151 1388 2240 excipit,
1413 2148 1490 2216 dum
1514 2149 1553 2215 in

300 2236 457 2326 Epistola
480 2238 522 2306 ad
538 2239 815 2328 ¹Romanosllap.
839 2239 937 2308 XIII.
962 2240 1028 2326 ait;
1057 2242 1190 2322 ,Omnis
1229 2247 1339 2307 anima
1371 2237 1553 2326 potestati·

300 2326 360 2393 bus
384 2326 633 2399 sublimioribus
656 2326 791 2397 subdita
814 2329 870 2410 sit,
895 2351 960 2394 non
983 2338 1035 2395 est
1058 2329 1146 2396 enim
1169 2327 1429 2418 potestasnisia
1444 2325 1548 2394 Dea‘

301 2412 399 2502 (Vide
421 2414 618 2482 Concordat.
642 2417 760 2482 Austr.
784 2416 861 2483 Art.
885 2416 1003 2504 XlII.)
1030 2417 1127 2503 2)1n
1152 2417 1262 2485 causis
1294 2416 1492 2483 delictorum
1517 2419 1554 2482 et

301 2503 473 2568 criminum
495 2506 595 2569 etiam
617 2527 677 2592 per
698 2503 851 2571 Jndicem
874 2505 1007 2572 civilem
1028 2505 1172 2594 judicari
1202 2512 1352 2593 possunt,
1388 2505 1451 2570 nisi
1476 2525 1550 2590 spe·

301 2590 378 2657 ciali
400 2590 564 2680 Principis
586 2593 764 2680 privilegio
788 2594 932 2681 exempti
957 2599 1077 2660 essent.
1103 2596 1195 2680 (Art.
1218 2592 1314 2660 XIV.
1325 2589 1503 2680 Concord.)

300 2770 335 2888 {-
368 2767 459 2878 188.
488 2769 693 2851 Perscnis
721 2772 912 2853 attamen
940 2771 1248 2853 ecclesiasticis
1287 2770 1411 2852 salva
1450 2791 1550 2850 esse

454 2893 615 2976 debent
642 2920 721 2978 sua
748 2897 987 2998 privilegia
1015 2900 1059 2978 ct
1081 2891 1392 2978 immunitates.

348 3103 350 3108 .
394 3039 539 3106 Etiamsi
562 3041 696 3128 Religio
719 3043 912 3110 Christiana
934 3043 1097 3110 neminem
1121 3045 1161 3109 ab
1197 3042 1354 3130 obsequio
1389 3040 1475 3127 legis
1514 3046 1551 3108 et

298 3130 478 3214 potestatis
501 3129 607 3196 civilis
631 3153 650 3196 a
674 3131 744 3197 Deo
767 3133 946 3198 institutae
968 3135 1101 3212 eximat,
1125 3133 1204 3220 quin
1227 3135 1342 3220 potius
1365 3153 1385 3196 a
1408 3128 1549 3198 Clericis

298 3215 363 3282 Dei
384 3215 547 3284 Ministris
570 3219 715 3304 religiosi
739 3219 887 3304 obsequii
910 3221 1040 3306 legibus
1062 3221 1215 3287 civilibus
1232 3217 1427 3303 praestandi
1442 3239 1552 3283 exem·

242 3361 244 3368 ,
298 3304 390 3392 plum
413 3314 634 3391 exspectatum
659 3307 874 3374 nihilominus
897 3315 1009 3374 tamen
1033 3308 1204 3395 Principes
1224 3305 1410 3374 Christiani
1443 3327 1460 3371 e
1483 3307 1551 3392 pie·

298 3401 371 3458 tate
393 3394 428 3459 iu
461 3394 569 3460 Deum
605 3395 741 3483 ejusque
764 3395 937 3462 Ministros
972 3396 1162 3462 sacerdotes
1185 3395 1219 3461 in
1244 3395 1355 3474 terris,
1381 3401 1481 3481 atque
1505 3393 1549 3459 ob

212 3561 215 3566 Ι
299 3501 461 3546 summum
485 3482 750 3564 emolumentum,
775 3483 862 3571 quod
885 3484 1028 3571 Religio,
1053 3483 1148 3571 cujus
1172 3482 1362 3550 administri
1385 3501 1551 3570 personae

298 3567 369 3634 Dec
391 3576 543 3637 sacratae
566 3577 646 3638 suut
668 3571 732 3658 ipsi
755 3572 844 3638 civili
868 3575 1017 3640 societati
1040 3577 1225 3659 praestant,
1250 3571 1342 3640 nullo
1367 3592 1433 3635 non
1462 3591 1551 3636 aevo

297 3659 331 3722 in
365 3660 640 3724 contestationem
672 3683 761 3740 suae,
786 3659 826 3726 de
861 3663 939 3726 viva
961 3661 1028 3727 fide
1051 3659 1244 3728 Christiana
1273 3659 1444 3745 profectae
1468 3679 1553 3744 erga

299 3743 432 3814 (ilerum
455 3750 677 3834 venerationis
700 3756 735 3814 et
756 3748 983 3834 gratitudinis,
1013 3749 1236 3837 peculiaribus
1271 3746 1550 3827 immunitatibus,

376 3995 393 4065 ¹)
412 3997 498 4052 Porro
517 3994 681 4048 Anastasius
701 4035 706 4046 .
728 4035 733 4046 .
755 4034 761 4046 .
781 3996 809 4046 et
827 3993 927 4046 Paulus
946 3994 974 4048 in
994 3995 1091 4048 urbem
1110 3994 1215 4064 regiam
1235 3993 1396 4058 adveniunt,
1417 3990 1463 4044 ubi
1483 4007 1549 4046 cum

299 4068 370 4125 Julio
384 4070 527 4124 Romanae
546 4065 622 4120 urbis
641 4065 777 4136 Episcopo
797 4081 910 4118 causam
928 4079 1007 4120 snam
1028 4067 1232 4136 exposuissent,
1252 4065 1310 4132 ille,
1331 4080 1400 4132 quae
1434 4065 1477 4118 est
1495 4063 1552 4117 Ro·

300 4157 399 4195 manae
419 4136 556 4194 Ecclesiae
575 4138 775 4208 praerogativa,
788 4137 965 4192 liberioribus
984 4139 1073 4192 literis
1093 4137 1280 4192 communitos
1294 4137 1324 4190 in
1343 4135 1486 4190 Orientem
1505 4150 1553 4196 re,-

300 4214 384 4280 misii,
404 4212 520 4282 singulis
552 4211 633 4264 sedes
653 4226 718 4264 suas
742 4209 898 4263 restituens.
919 4210 1023 4264 Socrat.
1044 4211 1140 4265 histor.
1161 4207 1322 4264 Ecclesiast.
1343 4209 1390 4262 lib.
1411 4207 1435 4261 1.
1457 4205 1485 4260 C.
1507 4205 1551 4260 13.

370 4283 539 4338 Athanasius
558 4283 677 4338 Romam
696 4282 780 4341 venit.
800 4280 951 4350 Episcopus
970 4280 1051 4351 igitur
1070 4283 1215 4337 Romanus
1231 4298 1294 4335 eum
1305 4281 1475 4350 singulorum
1486 4294 1552 4332 cau·

300 4373 347 4412 aas
366 4356 550 4426 cognovisset,
570 4355 599 4408 in
618 4357 841 4410 communionem
861 4353 971 4423 recepit.
992 4355 1025 4409 Et
1044 4355 1174 4423 quoniam
1196 4356 1310 4423 propter
1328 4352 1404 4406 sedis
1431 4349 1551 4417 dignita-

300 4432 356 4482 tem
375 4427 500 4482 omnium
519 4443 584 4482 cura
600 4427 635 4480 ad
654 4427 743 4495 ipsum
764 4425 915 4496 spectabat,
935 4443 1015 4480 suam
1035 4425 1132 4496 cuique
1153 4425 1248 4480 sedem
1268 4424 1395 4479 restituit.
1436 4423 1550 4477 Sozom.

300 4499 369 4554 Hist.
382 4501 484 4554 Eccles.
505 4501 550 4554 lib.
570 4500 595 4552 3.
617 4498 681 4569 Cap.
702 4498 726 4553 8.

374 4575 394 4640 ²)
413 4573 536 4642 idipsum
554 4575 670 4626 testatur
688 4570 816 4627 Gelasius
836 4571 978 4626 Romanus
997 4569 1124 4626 Pontifex
1144 4570 1179 4622 ad
1198 4569 1353 4640 Episcopus
1392 4565 1554 4620 Dardaniae

301 4645 385 4714 (apud
405 4644 562 4698 Labbae=m
580 4647 598 4696 t.
620 4643 643 4696 5.
665 4641 745 4698 Cone.
765 4642 833 4697 Coll.
853 4643 925 4710 329.)
963 4642 1108 4696 Facundus
1146 4640 1300 4711 Episcopus
1338 4637 1554 4718 Hernuanensis

301 4718 383 4790 (inter
402 4733 486 4787 opera
505 4716 584 4769 varia
603 4716 749 4770 Scrinondi
770 4718 788 4768 t.
812 4714 849 4784 2.)
869 4715 1007 4769 Palladius
1028 4715 1073 4782 ude
1092 4713 1150 4768 vita
1169 4714 1195 4768 S.
1206 4712 1323 4768 loannis
1335 4710 1553 4781 chrysostomi.)
