3464 5366
674 375 677 382 ’
724 389 928 496 ...L

202 627 316 686 sorem,
339 603 501 695 quidquid
522 605 559 673 in
580 603 733 675 Ecclesia
771 605 944 677 Catholioa
975 629 1035 698 per
1065 627 1121 676 eos
1158 607 1348 686 innovatur,
1388 605 1446 696 qui

201 692 358 762 aberrant
379 714 400 760 a
422 692 577 774 veritate,
601 715 734 762 necasse
757 699 811 762 est
832 695 960 764 referri.
984 693 1083 779 Quor
1104 715 1165 762 nos
1187 715 1317 784 quoqne
1341 692 1467 760 humi·'

200 779 258 862 les,
282 785 318 850 et
340 779 469 850 minimi
491 802 512 848 a
534 781 661 850 sanctis
684 781 764 849 olim
786 782 945 851 Patribus
968 783 1088 864 edocti,
1111 788 1289 873 postquam
1326 782 1362 849 in
1384 780 1445 848 Ec·

200 868 300 938 alesia
322 875 440 938 nostra
461 869 596 937 novitas
618 870 780 954 quaedam
805 891 911 960 nuper
933 876 1049 939 exorta
1072 880 1133 952 est,
1174 892 1234 961 per
1278 871 1341 938 sim
1364 868 1445 937 lices

198 955 317 1026 literas
339 961 473 1026 nostras
496 956 538 1025 ad
561 979 601 1026 su
624 979 733 1026 remae
755 955 984 1028 Beatitudinis
1029 967 1108 1027 tuae
1153 957 1321 1046 Angelum
1342 893 1385 1024 do
1408 978 1447 1025 ea

199 1045 325 1114 referre
346 1066 408 1113 noe
431 1044 550 1114 debere
572 980 731 1114 arbitrati
753 1055 898 1114 sumus.“
922 1047 964 1114 In
987 1046 1140 1116 ulteriori
1163 1052 1274 1114 autem
1287 1050 1447 1113 contextu

199 1132 347 1238 ejusdem
369 1132 643 1236 Epistolnesuae‚
658 1132 798 1201 eundem
807 1134 1022 1238 Pontificem:
1040 1134 1284 1203 divinissimum
1301 1133 1446 1201 omnium

199 1228 497 1398 diiiidtlb’r
520 1221 1425 1400 httttttttt,htttttmtttttt{tint
1424 1269 1445 1394 15

294 1395 389 1466 Idem
412 1403 524 1465 nutem
548 1397 582 1465 S.
606 1397 734 1466 Doctor
755 1397 927 1467 Ecclesiae
950 1399 1098 1468 Graecae
1137 1399 1298 1466 adversus
1331 1397 1445 1464 Icono-

199 1483 332 1554 maohos
354 1507 448 1576 opem
471 1507 651 1574 exposcens
673 1486 708 1553 in
732 1508 791 1553 sua
814 1487 857 1554 ad
879 1486 1074 1555 Paschalem
1097 1487 1285 1554 Romanum
1307 1483 1446 1552 Pontifi-

199 1594 268 1642 cem
289 1574 417 1663 scripta
439 1573 604 1662 Epistola,
626 1574 824 1642 Pontificem
847 1573 1016 1663 appellat:
1053 1573 1287 1664 Apostolicum
1304 1570 1309 1584 '
1325 1572 1445 1662 Caput,

199 1660 333 1730 aDEO
355 1661 582 1752 praepositum
604 1661 778 1731 Pastorem
801 1663 912 1731 ovium
945 1662 1083 1744 Christi,
1126 1663 1307 1750 janitorem
1351 1661 1447 1746 regni

199 1749 373 1831 coelorum,
418 1755 548 1840 petram
592 1750 680 1831 fidei,
727 1772 829 1839 supra
874 1772 972 1840 qnam
1018 1751 1194 1819 aedificata
1238 1755 1291 1818 est
1326 1748 1447 1817 Catho-

198 1836 446 1994 licatEooleaia,
470 1838 617 1920 Petrum,
640 1843 759 1927 utpote
791 1839 885 1908 Petri
925 1838 1036 1908 sedem
1052 1845 1269 1914 exornantem
1281 1845 1315 1905 et
1326 1837 1446 1925 gnber-

200 1947 264 1994 nau
281 1947 343 1996 em.

294 2013 447 2100 Denique
469 2014 557 2082 idem
580 2013 613 2082 S.
637 2013 765 2082 Doctor
783 2013 955 2083 Ecclesiae
978 2013 1126 2086 Graecae
1149 2015 1192 2083 ad
1215 2013 1339 2082 tratres
1372 2034 1446 2100 pro

199 2103 273 2187 pter
294 2101 467 2170 Christum
490 2102 667 2191 dispersos,
690 2125 753 2170 nec
776 2125 840 2169 non
863 2102 899 2171 in
922 2103 1111 2172 carceribus
1134 2108 1170 2170 et
1201 2101 1311 2170 exiliis
1334 2099 1446 2168 deten-

200 2199 251 2255 tos
273 2189 433 2271 scribens,
457 2189 614 2257 hortatur
636 2212 702 2272 eos,
714 2196 754 2257 ut
764 2189 1007 2258 haereticorum
1019 2190 1279 2259 communionem
1292 2188 1444 2276 fugiant,

199 2283 297 2366 atqua
319 2277 491 2348 Ecclesiae
509 2277 702 2346 Catholicae
725 2285 760 2345 et
782 2278 964 2346 universali
987 2279 1208 2360 consentiant,
1233 2277 1335 2358 „baec
1358 2275 1446 2344 euim

198 2363 582 2456 constantinopolitana,
607 2366 728 2456 inquit,
751 2367 903 2435 Ecclesia
926 2374 1134 2454 segmentum
1157 2377 1208 2435 est
1232 2365 1445 2445 haereticum,

200 2455 252 2522 cui
274 2453 423 2524 solemne
445 2458 496 2524 est
520 2455 562 2522 ab
585 2453 663 2521 aliis
685 2453 879 2540 frequenter
901 2455 1112 2541 abaciacum)

291 2541 444 2612 Ecclesia
464 2541 604 2633 proinde
628 2541 812 2610 Orientalis
843 2543 981 2625 Graeca,
1050 2542 1220 2612 rimitivae
1266 2538 1446 2608 traditioni

198 2650 285 2712 suae,
309 2630 451 2720 quaein
474 2630 620 2719 propriis
642 2630 864 2718 euchologiois
888 2636 923 2699 et
945 2567 1126 2699 ritualibus
1149 2629 1254 2698 sacris
1276 2626 1373 2696 libris
1384 2648 1446 2783 pro

198 2718 285 2785 omui
308 2729 457 2808 tempore
480 2717 634 2808 deposita
656 2723 718 2800 est,
743 2719 959 2787 conformiter
981 2719 1162 2808 profitetur
1184 2717 1231 2800 id,
1265 2715 1354 2805 quod
1414 2737 1447 2782 a·

197 2811 266 2874 tres
289 2807 431 2876 orientis
452 2807 581 2896 pariter
603 2828 641 2874 no
664 2805 845 2874 bccidentis
867 2807 902 2873 in
937 2807 1073 2892 Svnodo
1106 2806 1315 2886 Florentius,
1347 2825 1445 2892 syno-

195 2891 319 2962 daliter
343 2917 472 2984 qnoque
494 2893 726 2976 enunciarunt,
752 2893 930 2963 videlicet:
954 2879 1141 2964 Romanum
1153 2893 1350 2962 Pontificem
1374 2914 1445 2959 sno·

195 3003 357 3052 cessorem
380 2983 548 3072 Principis
571 2981 810 3071 Apostolorum
833 2982 937 3065 Petri,
984 2989 1019 3062 et
1064 2984 1218 3052 heredem
1263 2979 1447 3070 potestatis

196 3069 265 3138 eins
287 3073 324 3140 in
346 3070 536 3142 universam
568 3070 696 3139 Christi
732 3070 916 3139 Ecclesiam
950 3093 970 3139 a
1004 3072 1135 3140 Christo
1167 3071 1328 3138 obtentae
1362 3089 1445 3148 esse,

194 3163 324 3246 petram
346 3158 426 3227 fidei
449 3158 660 3240 immobilem,
684 3163 718 3225 et
743 3158 994 3228 tundamentum
1016 3159 1188 3228 Ecclesiae
1233 3162 1443 3248 perpetuum,

195 3245 267 3316 sine
289 3268 354 3338 quo
377 3246 508 3316 nullum
529 3246 714 3316 Concilium
736 3247 980 3316 oecumenicum
1002 3247 1207 3316 celebratum
1230 3251 1292 3326 est,
1317 3251 1351 3312 et
1374 3245 1447 3311 sine

195 3356 258 3420 qno
280 3357 342 3404 nec
363 3336 454 3424 leges
477 3358 537 3424 pro
559 3335 718 3404 universa
741 3334 869 3406 Christi
892 3335 1044 3404 Ecclesia
1067 3334 1258 3423 obligantes
1281 3335 1359 3400 ferri
1372 3353 1447 3433 pos·

195 3429 287 3510 aunt;
310 3423 450 3514 proinde
473 3445 663 3512 supremum
685 3445 757 3492 esso
780 3423 1037 3512 Legislatorem,
1062 3429 1097 3492 et
1118 3422 1274 3492 Judicem
1296 3441 1444 3490 omnium

193 3509 378 3596 Pastorum,
402 3518 436 3580 et
459 3510 746 3594 christifidelium,
789 3511 1063 3602 quemadmodum
1086 3510 1244 3597 Synodus
1269 3505 1442 3577 Sardioen·

195 3600 239 3668 sis
269 3599 686 3670 Canonedoindicnvit:
711 3599 884 3684 „Quodsi
929 3599 1052 3685 aliquis
1096 3599 1337 3690 Episcopomm
1382 3616 1445 3685 per

194 3685 375 3778 Episcopus
397 3687 590 3778 provinciae
612 3687 850 3757 condemnatus
873 3687 1054 3757 confideret
1076 3685 1285 3756 innocentiae
1304 3705 1394 3766 suaa,
1409 3689 1444 3750 et

194 3775 338 3846 revideri
361 3781 497 3866 cuperet
519 3798 653 3845 cansam
675 3797 786 3844 snam:
811 3776 1008 3845 honoremus
1031 3775 1081 3844 nit
1103 3774 1298 3854 Concilium,
1323 3793 1441 3839 memo·

193 3863 277 3932 riam
298 3865 457 3955 Apostoli
478 3864 585 3945 Petri,
609 3871 644 3931 et
666 3864 834 3932 scribatur
855 3863 951 3933 Julio
986 3863 1151 3954 Episcopo
1182 3863 1343 3942 Romano,
1383 3857 1445 3944 qui

192 3951 320 4039 judicet
342 3960 507 4023 causam.“
529 3952 579 4021 Et
597 3953 647 4020 rei
672 3975 709 4021 sa
732 3952 874 4022 historia
897 3957 995 4034 teste,
1019 3949 1293 4038 quemadmodum
1328 3947 1444 4015 Ponti·

193 4039 271 4110 ficas
292 4041 446 4122 Romani,
470 4041 612 4110 Sanctos
665 4041 818 4132 piscopos
841 4040 1076 4123 Athanasium,
1100 4041 1386 4130 Chrysostomum,
1410 4041 1446 4103 et

193 4127 367 4218 Ignatinm
389 4129 512 4220 injurata
533 4139 726 4221 persecutos
749 4129 884 4198 sedibus
920 4129 991 4198 suis
1021 4129 1158 4198 restitui
1188 4130 1360 4206 curarunt,
1393 4123 1444 4190 ita

193 4238 267 4288 roos
288 4217 320 4286 E
344 4218 412 4286 isco
435 4241 473 4287 os
495 4217 680 4309 apostolica
703 4222 874 4308 potestate
903 4238 1047 4307 suaper
1070 4217 1232 4288 virtutem
1255 4211 1443 4284 claviuma

193 4241 397 4376 recolere
436 4311 594 4387 tatarum,
618 4306 756 4376 sedibus
779 4306 850 4376 suis
875 4312 1091 4392 amoverunt;
1115 4305 1243 4409 dequo
1267 4299 1444 4372 confossio-

193 4416 268 4466 uam
290 4393 376 4466 facit
396 4393 548 4467 Ecclesia
571 4395 701 4468 Graeca
724 4395 760 4466 in
783 4394 902 4466 Mensa
924 4393 1018 4464 edita
1039 4393 1234 4466 Moslrovrae
1270 4389 1365 4460 1795.
1401 4386 1444 4456 ad

197 4531 404 4546 —

192 4615 607 4762 Epm21883gh2<ttdggq8tndit
627 4616 713 4692 Epist.
735 4632 834 4690 graeco
851 4621 880 4675 et
915 4615 1002 4676 latine
1027 4613 1142 4674 Parisiis
1180 4611 1257 4670 1696.
1296 4609 1380 4666 Libro
1400 4607 1448 4666 1·o

266 4761 464 4834 ²)Earnndam
482 4763 627 4837 Epistolar.
648 4761 730 4820 Libro
750 4761 782 4818 ll.
803 4761 927 4835 Epistola
946 4759 971 4817 8.
992 4776 1052 4834 pag.
1072 4758 1134 4814 380.
