3464 5366
818 349 881 418 117

223 573 278 642 lus
300 571 449 653 Lucanis,
474 569 700 638 oecumenicus
723 570 920 639 Patriarcha
943 570 1345 660 Constantinopolitanae,
1395 573 1471 640 hae·

222 661 290 729 resi
313 661 584 729 Reformatorum
607 680 673 725 non
697 657 792 725 modo
816 659 1026 749 subscripsit,
1051 659 1109 727 sed
1132 667 1166 727 et
1177 663 1351 749 protectus
1374 661 1472 729 ahe-

220 757 303 838 gato
324 748 472 836 Angliae
494 746 876 835 Constantinopolitano,
899 751 1078 838 procurata
1101 747 1262 816 distincta
1294 747 1324 816 'l'
1373 771 1470 836 ogra·

220 834 949 928 616666661627.0616616166666666666
984 837 1079 922 juxta
1122 835 1289 925 principia
1362 837 1468 906 alvini

221 929 450 995 constructum
472 930 488 991 t
537 923 567 992 is
589 922 687 992 edere
709 927 882 1010 tentavit;
907 946 927 991 a
950 946 1015 1013 quo
1037 929 1149 992 tamen
1172 945 1257 991 ausu
1278 924 1470 1013 666061166-

221 1014 322 1082 houm
344 1013 476 1082 Galliae
529 1019 663 1099 egatum
685 1011 901 1102 praepeditus
924 1022 985 1094 est,
1011 1017 1045 1080 et
1058 1010 1250 1100 depositns;
1274 1013 1469 1081 6661166666

221 1103 318 1170 1636.
342 1103 458 1170 lavore
479 1099 604 1188 Legati
626 1101 815 1188 Anglomm
838 1101 909 1170 sedi
931 1102 1121 1182 restitutus,
1145 1121 1219 1168 cum
1242 1099 1382 1168 necdum
1405 1123 1471 1170 ces·

219 1197 312 1260 saret
330 1189 493 1258 haeresim
516 1190 639 1270 fovere,
663 1189 813 1257 occultae
834 1188 994 1278 politicae
1016 1187 1273 1256 consociationis
1296 1210 1406 1256 coram
1417 1211 1469 1256 re

219 1279 345 1368 gimine
366 1277 506 1346 ancico
529 1276 743 1345 insimulatus
766 1277 929 1366 supplicio
953 1276 1071 1345 mortis
1094 1298 1204 1364 peram
1229 1280 1285 1343 tus
1308 1280 1370 1344 est.
1394 1277 1470 1364 Qua

220 1367 391 1436 occasione
413 1389 479 1433 666
500 1371 727 1469 provocarunt
750 1364 871 1435 Graeci
894 1365 1185 1434 contrahaeresim
1231 1363 1467 1433 aformatorum

218 1457 263 1525 66
285 1455 475 1524 conclusum
498 1453 586 1521 rllud
608 1459 736 1543 septem
758 1454 980 1522 conciliorum
1004 1451 1287 1521 oecumenicorum
1311 1453 1469 1542 Magiste-

218 1545 317 1626 rium,
340 1542 384 1610 66
406 1541 659 1624 enunciandam,
682 1547 810 1632 septem
832 1546 868 1610 et
890 1565 951 1611 nec
972 1542 1071 1632 plura
1091 1563 1152 1610 nec
1195 1541 1353 1629 pauciora
1397 1565 1469 1610 esse

219 1653 326 1700 novae
348 1630 450 1718 Legis
472 1629 697 1712 Sacramenta,
721 1635 823 1715 atque
845 1630 1071 1699 substantiam
1092 1629 1190 1718 panis
1213 1629 1248 1695 in
1271 1627 1305 1698 S.
1344 1628 1469 1699 Sancto

218 1719 454 1788 Eucharistiae
476 1723 685 1786 sacramento
708 1719 858 1787 converti
881 1719 918 1785 in
941 1741 1069 1810 corpus,
1100 1715 1325 1786 substantiam
1356 1723 1470 1787 autem

219 1807 292 1876 vini
313 1808 348 1875 16
371 1807 568 1895 sanguinem
590 1807 728 1876 Christi.
754 1806 881 1891 Quodsi
905 1807 987 1875 haec
1010 1807 1099 1876 61666
1136 1806 1171 1872 16
1217 1803 1468 1875 definitionibus

218 1895 418 1984 dogmaticis
441 1902 568 1985 septem
591 1895 816 1964 Conciliorum
839 1896 1122 1965 oecumenicorum
1145 1894 1466 1979 contentafuissent,

218 1985 406 2054 suffecisset
429 1987 547 2052 contra
568 2005 673 2052 novos
695 1984 891 2066 haereticos,
915 1985 958 2051 ad
972 1984 1184 2052 definitiones
1196 1981 1374 2051 eorundem
1386 1985 1470 2053 Con·

218 2074 370 2142 ciliorum
392 2093 594 2176 provocarc;
618 2071 677 2140 666
700 2094 774 2140 cum
798 2094 856 2140 666
878 2094 945 2140 666
967 2072 1167 2152 suffecerint,
1190 2069 1373 2138 remedium
1407 2073 1470 2162 Sy·

218 2161 378 2230 nodorum
402 2166 524 2228 iterum
547 2166 800 2250 resumpserunt
823 2160 953 2243 Graeci,
977 2167 1078 2251 atque
1105 2181 1180 2226 mox
1203 2159 1239 2224 in
1284 2157 1468 2229 Concilium

218 2248 512 2340 Constantinopoli
534 2248 740 2338 congregati,
775 2255 952 2338 sequentes
984 2245 1293 2320 Anathematismos
1325 2271 1469 2339 pronun-

218 2338 369 2407 cierunt:

313 2447 505 2516 Anathema
527 2445 667 2536 0661116,
691 2448 749 2538 661
773 2446 945 2515 adstruxit
953 2447 1257 2516 totamEcclesiam
1268 2448 1468 2518 orientalem

217 2535 359 2606 Calvino
382 2535 582 2606 consentire.

308 2629 504 2716 'Anathema
525 2646 665 2736 Cyrillo,
689 2647 744 2736 661
769 2644 865 2714 66661
888 2645 1072 2714 etcredit:
1106 2644 1195 2734 quod
1233 2652 1350 2716 666616
1383 2647 1468 2718 Jesu

215 2735 345 2806 Christi
368 2734 522 2804 Ecclesia
544 2734 679 2803 mentiri
702 2735 821 2824 possit.

311 2846 498 2914 anathema
520 2843 662 2934 Cyrillo,
686 2844 744 2934 661
768 2844 865 2912 66661
898 2847 1032 2912 6666166
1065 2842 1302 2913 intercessores
1332 2849 1466 2914 nostros

213 2935 304 3025 apud
327 2935 434 3001 Deum
458 2955 630 3001 6666666.

312 3045 503 3113 Anathema
526 3042 667 3200 0661116,
691 3043 747 3132 661
771 3041 888 3111 docet:
912 3063 979 3109 non
1002 3063 1075 3110 esse
1097 3042 1134 3110 16
1155 3041 1306 3113 Ecclesia
1338 3049 1467 3148 septem

212 3133 442 3214 Sacramenta,
466 3138 501 3200 61
525 3132 551 3201 0
576 3132 681 3199 rietus
704 3131 801 3199 nobis
825 3131 862 3198 in
884 3129 1071 3218 Evangelio
1095 3135 1228 3199 tantum
1250 3132 1326 3215 666,
1351 3132 1465 3202 666611-

213 3227 269 3290 cet
290 3221 500 3310 Baptismnm
523 3226 559 3287 61
583 3241 717 3289 coenam
740 3219 926 3305 reliquerit.

310 3309 499 3376 Anathema
523 3307 653 3397 0661116
678 3308 859 3377 asserenti:
883 3305 971 3398 quod
993 3306 1090 3396 panis
1114 3310 1149 3374 et
1186 3307 1301 3377 vinum
1334 3308 1467 3376 Eucha-

210 3395 332 3464 ristiae
355 3403 432 3488 post
454 3396 736 3466 consecrationem
758 3395 965 3486 Presbyteri,
989 3402 1024 3463 61
1047 3394 1292 3464 descensionem
1315 3396 1464 3483 Spiritus

210 3485 330 3553 Sancti
352 3507 417 3553 non
440 3491 687 3554 transmutetur
709 3485 743 3552 in
766 3506 882 3552 verum
904 3505 1024 3574 corpus
1047 3495 1077 3550 et
1104 3484 1300 3572 sanguinem
1316 3484 1463 3552 Domini.

309 3573 500 3644 Anathema
522 3572 662 3662 Cyrillo,
686 3575 743 3664 661
766 3573 881 3641 docet:
927 3571 992 3641 uod
1027 3572 1237 3660 eleemosyna
1282 3577 1318 3640 et
1348 3593 1464 3662 preces

211 3659 368 3730 vivorum
390 3661 558 3730 defunctis
582 3663 618 3729 in
641 3663 850 3749 poenitentia
871 3595 956 3728 milii
979 3660 1120 3750 prosint.

308 3749 500 3818 Anathema
523 3749 662 3840 Cyrillo‚
687 3751 744 3841 qui
790 3751 918 3818 cultum
964 3753 1156 3818 sanctorum
1200 3753 1236 3818 61
1279 3750 1463 3837 imaginum

209 3835 334 3908 reicit.

245 3861 260 3928 J
307 3925 499 3995 Anathema
522 3925 684 4010 omnibus,
708 3925 766 4012 661
789 3925 883 3993 illius
907 3925 1086 3997 mendaciis
1108 3923 1303 3993 infascinati
1324 3924 1385 3993 sub
1408 3947 1463 3994 no·

210 4013 301 4082 mine
322 4015 498 4084 orientalis
520 4015 692 4084 Ecclesiae
715 4013 920 4104 conscriptos
943 4037 1003 4104 per
1025 4036 1100 4082 eum
1123 4012 1286 4082 articulos
1331 4013 1461 4102 legunt,

210 4111 246 4170 et
269 4102 394 4192 spiritu
416 4124 530 4172 sorum
553 4104 759 4172 inficiuntur.

308 4189 373 4260 Sed
397 4198 432 4259 61
475 4193 573 4259 subse
597 4215 638 4260 ue
661 4190 790 4282 Synodi
811 4190 1015 4259 Graecorum
1052 4188 1340 4258 schismaticorum
1385 4189 1461 4258 666-

209 4277 331 4346 6166616
349 4278 389 4347 66
412 4301 499 4347 6666
523 4215 630 4362 lala,
655 4287 690 4348 et
711 4278 1021 4368 Hierosolymitana
1054 4279 1094 4346 de
1118 4300 1204 4346 anno
1251 4277 1346 4345 1672.
1393 4301 1460 4346 non

208 4376 435 4456 provocarunt
457 4367 500 4436 ad
518 4371 644 4457 septem
667 4367 821 4455 Synodos
839 4367 1073 4448 oecumenicas,
1097 4366 1134 4433 in
1157 4367 1276 4452 quibus
1288 4367 1461 4454 oppositae

209 4455 342 4544 Cyrillo
365 4462 400 4525 et
419 4456 558 4525 Calvino
581 4456 785 4525 orthodoxae
808 4455 1057 4524 enunciationes
1092 4454 1458 4543 comprehenderentur,

207 4565 326 4610 verum
351 4546 527 4612 advivam
552 4545 721 4612 Ecclesiae
744 4545 970 4624 traditionem,
995 4549 1118 4612 61666
1143 4543 1250 4610 solum
1275 4545 1309 4608 in
1333 4551 1459 4630 septeni

209 4633 371 4700 Conciliis
395 4635 613 4701 oecumenicis
637 4632 823 4700 conclusam
847 4637 1075 4720 provocantes,
1098 4653 1181 4714 6666
1202 4630 1270 4718 jam
1309 4631 1401 4718 prins
1426 4631 1459 4696 in

208 4719 378 4788 celebrato
402 4722 435 4788 in
461 4720 630 4790 occidente
653 4742 719 4788 666
742 4721 874 4788 6666616
919 4720 1013 4808 66166
1059 4719 1205 4786 Concilio
1251 4718 1458 4785 oecumenico
