3426 5368
791 403 996 508 Q

270 640 332 686 sve
355 618 432 686 licet
456 619 574 701 dicere,
599 621 704 689 multo
727 621 837 690 minus
861 646 956 690 orare
978 629 1038 692 aut
1061 625 1205 713 epulari.
1223 624 1333 693 Actus
1355 625 1528 714 prohibiti

270 709 577 775 communicationis
600 731 672 776 cum
705 713 986 780 excommunicato
1021 715 1356 782 excommunicatione
1389 714 1525 801 majori,

269 794 332 864 hoc
354 796 519 863 versiculo
543 797 792 886 exprimuntur:
825 800 880 882 Os,
905 823 1010 883 orare,
1034 797 1120 884 vale,
1166 805 1358 883 communio,
1404 824 1526 868 mensa

268 889 420 970 negatur.
450 883 732 953 Excommunicati
757 887 792 954 in
811 888 948 976 judiciis
972 888 1209 958 ecclesiasticis
1232 913 1292 958 nec
1308 896 1526 958 accusatores

269 992 328 1037 nec
351 975 456 1038 testes
480 993 579 1059 agere
601 982 751 1062 possunt,
775 983 875 1066 atque
898 981 1019 1046 mortui
1043 978 1122 1063 quin
1147 979 1295 1048 absoluti
1318 985 1432 1046 essent
1479 979 1525 1048 ab

269 1060 617 1143 excommunicatione,
642 1063 815 1151 sepultura
846 1065 1071 1134 ecclesiastica
1093 1069 1280 1155 privantur.
1362 1129 1367 1135 .

733 1265 1030 1350 CONCLUSlO
1046 1295 1055 1350 :

400 1457 550 1526 lilonitunr
576 1459 615 1527 ad
641 1458 765 1528 tiorum
790 1459 962 1530 orientalis
987 1461 1155 1530 Ecclesiae
1183 1459 1385 1531 catholicum.

363 1587 505 1655 Habetis
529 1610 608 1674 ergo
631 1589 793 1658 Fratresl
818 1592 850 1656 in
875 1590 937 1657 hoc
952 1612 1059 1680 opere
1082 1590 1221 1658 collecta
1245 1589 1407 1679 principia
1456 1591 1524 1658 Ec-

268 1675 389 1743 clesiae
412 1676 594 1744 Orientalis
618 1677 802 1744 catholicae
825 1684 859 1744 et
883 1677 1096 1764 orthodoxae,
1121 1678 1217 1766 eujus
1229 1699 1409 1766 praecones
1426 1680 1523 1761 estis,

267 1763 390 1831 conscii
413 1786 578 1832 consonae
600 1787 674 1831 cum
697 1766 847 1833 Ecclesia
870 1766 994 1832 Latina
1018 1767 1199 1834 communis
1222 1771 1379 1834 aeternae
1396 1771 1525 1834 verita·

266 1855 322 1934 tis,
346 1874 444 1940 quam
467 1853 618 1941 professa
641 1859 693 1920 est
716 1855 868 1922 Ecclesia
891 1854 1075 1922 christiana
1105 1855 1279 1940 regionum
1304 1856 1523 1922 orientalium

266 1963 326 2096 ppr
348 1945 456 2008 omnia
479 1947 570 2008 retro
592 1948 669 2018 acta
692 1943 815 2023 secula,
840 1942 1082 2032 hodiedumque
1128 1943 1315 2010 confitetur.
1362 1943 1523 2032 Dumque

298 2029 415 2096 eclesia
440 2029 613 2096 orientalis
637 2031 671 2096 in
695 2032 765 2096 ritu
788 2031 1007 2098 absolutionis
1040 2032 1272 2100 defunctorum
1297 2032 1448 2100 oratione
1471 2055 1523 2101 se-

267 2117 374 2185 cunda
397 2117 594 2204 Euchologii
617 2124 700 2200 orat,
725 2124 826 2207 atque
851 2122 950 2186 etiam
974 2119 1037 2195 illi,
1083 2119 1139 2208 qui
1163 2119 1299 2186 n.-uniti
1335 2122 1445 2206 graeci
1472 2121 1522 2189 di-

267 2211 398 2286 cuntur,
424 2206 594 2272 nobiscum
616 2215 813 2294 precantur:
843 2208 1001 2289 ,Domine
1023 2209 1108 2276 Jesu
1131 2208 1265 2275 Christe
1288 2208 1521 2291 Deusnoster,

267 2293 323 2382 qui
347 2316 448 2382 snpra
472 2294 655 2382 Principem
680 2295 920 2384 discipulorum
942 2301 977 2364 et
1014 2296 1256 2384 Apostolorum
1288 2302 1423 2363 tuorum
1458 2297 1522 2366 Pe-

266 2391 354 2449 trum
380 2382 562 2448 aedificasti
581 2382 766 2450 Ecclesiam
790 2391 914 2464 tuami,
940 2377 1154 2457 manifestari
1188 2390 1240 2452 est
1277 2385 1368 2472 ipsos
1414 2389 1521 2453 etiam

265 2471 458 2538 non-unitos
482 2470 628 2544 Graecos
651 2472 823 2559 profiteri:
863 2473 1033 2542 Christum
1081 2471 1263 2540 Ecclesiam
1309 2495 1402 2540 suam
1450 2496 1521 2541 non

266 2582 367 2647 supra
391 2559 574 2646 Synodum,
598 2561 704 2626 multo
729 2563 837 2626 minus
861 2561 1280 2649 Constantinopolitanam,
1304 2583 1389 2649 quae
1437 2566 1522 2630 tunc

265 2670 332 2715 non
354 2646 497 2727 exstitit,
522 2648 579 2713 sed
603 2670 704 2736 supra
726 2648 865 2714 Petrum
888 2648 1090 2731 aedificasse,
1122 2649 1266 2737 hincque
1299 2670 1366 2716 non
1411 2649 1521 2738 Syno-

266 2735 352 2816 dum,
377 2735 434 2802 sed
457 2736 595 2802 Petrum
619 2758 690 2802 esse
713 2736 966 2804 fundamentum
990 2737 1161 2805 Ecclesiae
1192 2736 1361 2806 immobile
1384 2739 1417 2803 in
1442 2738 1521 2826 ipsa

265 2828 364 2892 etiam
388 2824 533 2910 Synodo,
560 2847 579 2889 a
603 2823 737 2891 Christo
762 2829 897 2892 anctore
921 2825 1090 2892 Ecclesiae
1112 2825 1269 2914 positum,
1303 2831 1337 2892 et
1382 2826 1520 2914 quidem

264 2934 330 2978 non
354 2920 485 2978 tantum
508 2934 568 2999 pro
592 2918 740 3000 tempore
764 2913 856 2978 vitae
879 2912 981 2992 Petri,
1007 2913 1066 2979 sed
1088 2936 1148 3002 pro
1172 2915 1324 2980 omnibus
1361 2915 1520 3002 tempori·

265 3001 337 3082 bus,
361 3022 420 3088 pro
444 3000 563 3084 quibus
586 2999 736 3068 Ecclesia
759 2999 885 3068 Christi
910 3000 1079 3068 destinata
1103 3007 1185 3082 erat,
1209 3001 1311 3078 Petro
1346 3002 1520 3070 Ecclesiae

264 3089 481 3154 fundamento
505 3090 537 3154 in
562 3089 631 3156 suis
655 3089 901 3156 successoribus
924 3089 1084 3157 Romanis
1119 3089 1340 3156 Pontificibus
1385 3112 1520 3180 semper

264 3177 409 3244 vivente.
434 3175 504 3244 Nec
527 3176 630 3244 alium
654 3199 799 3267 unquam
824 3179 965 3263 agnovit
988 3178 1173 3244 Orientalis
1197 3178 1348 3246 Ecclesia
1361 3178 1456 3245 Petri
1480 3179 1520 3245 in

263 3289 399 3334 munere
422 3287 643 3332 successorem
667 3272 702 3332 et
725 3265 870 3332 clavium
892 3267 988 3352 regni
1027 3266 1192 3344 coelorum
1238 3289 1298 3333 seu
1342 3265 1520 3353 regiminis

264 3355 370 3422 tetius
393 3353 564 3420 Ecclesiae
587 3360 622 3420 et
645 3354 790 3440 pastoris
821 3353 928 3420 totius
943 3354 1065 3441 gregis
1112 3354 1284 3422 christiani
1329 3354 1517 3422 haeredem.

264 3441 330 3511 Sed
351 3464 412 3509 neo
435 3441 525 3508 ullus
548 3441 637 3508 alter
658 3463 804 3530 unquam
826 3443 1052 3542 praesumpsit
1075 3440 1358 3510 successionemin
1380 3465 1520 3511 munere

262 3532 358 3598 Petri
382 3531 445 3596 sibi
466 3551 635 3616 arrogare.
661 3531 762 3616 Ergo,
786 3532 889 3596 et1am
913 3551 953 3598 ex
976 3530 1182 3618 professione
1206 3531 1354 3619 ipsorum
1368 3533 1520 3598 nonuni·

263 3626 373 3686 torum
398 3617 601 3686 Graecorum
625 3618 748 3684 dictam
772 3619 954 3696 orationem
999 3619 1261 3706 persolventium
1307 3625 1341 3686 et
1387 3618 1519 3688 Christi

263 3707 451 3793 Evangelio
475 3705 680 3772 credentium
703 3706 760 3771 ubi
785 3706 916 3787 Petrus,
941 3707 987 3772 ibi
1011 3713 1063 3774 est
1086 3713 1121 3774 et
1144 3729 1224 3774 vera
1263 3706 1359 3774 unice
1405 3707 1519 3774 ortho-

264 3797 349 3862 doxa
372 3793 497 3862 christi
521 3791 671 3860 Ecclesia
695 3793 867 3876 catholica,
892 3795 932 3862 de
956 3817 1020 3880 qua
1043 3795 1076 3862 S.
1101 3796 1289 3884 Cyprianus
1333 3817 1393 3883 per
1437 3819 1518 3862 non·

262 3884 376 3950 unitos
400 3901 529 3968 quoque
552 3882 679 3954 Doctor
701 3882 872 3952 Ecclesiae
894 3884 1084 3969 recognitos
1106 3884 1209 3950 Libro
1234 3883 1274 3949 dc
1297 3883 1429 3950 unitate
1453 3883 1516 3952 Ec·

262 3971 385 4038 clesiae
407 3968 539 4058 inquit:
568 3969 622 4050 ,Si
645 3974 757 4058 potuit
781 3971 921 4038 evadere
944 3975 1126 4060 quisquam,
1160 3974 1217 4060 qui
1262 3977 1358 4039 extra
1403 3993 1518 4038 arcam

262 4061 335 4128 Noe
358 4058 435 4137 fuit,
460 4062 494 4126 et
517 4060 573 4145 qui
596 4063 692 4126 extra
714 4059 899 4126 Ecclesiam
923 4060 1007 4126 foris
1029 4060 1143 4139 fuerit,
1184 4059 1308 4126 evadit.
1356 4060 1517 4144 Quisquis

262 4149 303 4214 ab
327 4145 477 4217 Ecclesia
501 4152 699 4234 segregatus
722 4147 898 4214 adulterae
922 4147 1148 4235 conjungitur,
1173 4170 1192 4214 a
1215 4147 1387 4234 promissis
1402 4147 1517 4214 Eccle-

263 4239 332 4303 siae
355 4239 551 4323 separatur;
576 4257 635 4301 neo
659 4239 831 4322 perveniet
853 4236 896 4302 ad
919 4235 1048 4303 Christi
1070 4236 1226 4325 praemia,
1251 4235 1308 4320 qui
1352 4235 1518 4325 relinquit

261 4323 445 4392 Ecclesiam
469 4321 606 4390 Christi.
631 4323 697 4406 Qui
718 4324 888 4392 Ecclesiae
910 4324 1072 4392 renititur
1101 4330 1136 4390 et
1158 4324 1297 4404 resistit,
1322 4323 1379 4398 qui
1403 4323 1517 4392 cathe-

263 4409 483 4491 dramPetri,
508 4432 607 4499 super
631 4433 727 4566 quem
750 4411 892 4479 fundata
915 4417 967 4481 est
989 4411 1150 4492 Ecclesia,
1176 4411 1309 4491 deserit,
1329 4404 1377 4478 ‘in
1402 4411 1517 4480 Eccle-

261 4501 313 4568 sia
336 4521 372 4567 se
395 4520 467 4568 esse
492 4499 648 4566 confidit*
680 4500 815 4568 Habere
835 4500 902 4588 jam
930 4522 995 4568 non
1019 4507 1131 4588 potest
1153 4501 1261 4570 Deum
1284 4500 1432 4584 Patrem,
1456 4500 1515 4586 qui

261 4587 447 4658 Ecclesiam
469 4609 536 4654 non
560 4587 662 4655 habet
684 4594 854 4656 matrem‘

251 4723 254 4727 -
357 4675 482 4743 Eadem
506 4681 617 4742 autern
641 4676 792 4744 Ecclesia
815 4675 1000 4744 Orientalis
1026 4698 1100 4743 cum
1123 4676 1163 4743 D.
1200 4673 1368 4763 Apostolo
1405 4675 1514 4743 Paulo

261 4764 304 4832 ad
327 4764 495 4833 Romanos
519 4764 598 4852 Cap.
622 4763 719 4832 VIII.
745 4789 776 4834 v.
799 4765 830 4832 9.
854 4764 954 4833 etad
979 4764 1121 4834 Galatas
1145 4764 1225 4852 Cap.
1249 4761 1310 4832 IV.
1336 4785 1367 4832 v.
1393 4763 1423 4831 6.
1438 4785 1516 4832 con·
