3420 5358
787 415 851 482 279

191 617 247 708 qui
270 618 333 684 etsi
358 615 468 684 24um
491 617 616 684 aetatis
640 639 764 684 annum
788 622 1000 705 superarunt,
1024 620 1137 684 tamen
1160 616 1203 683 ad
1213 639 1442 705 quemcunque

191 709 400 774 contractum
422 704 602 772 ineundum
626 707 798 794 incapaces
822 704 982 771 declarati
1018 704 1079 770 sub
1125 705 1276 772 curatela
1322 708 1442 773 consti·

189 797 343 864 tuantur.

283 879 568 968 Distinguendum
590 885 702 949 autem
725 884 777 945 est
799 879 889 946 inter
914 880 1122 948 minorennes
1145 879 1316 968 legitimos
1341 883 1375 946 et
1397 877 1442 946 il·

191 967 373 1058 legitimos,
397 973 432 1036 et
454 970 563 1058 quoad
584 969 710 1059 primos
732 971 846 1034 utrum
867 973 966 1071 pater
989 990 1100 1035 eorum
1132 967 1228 1035 vivat
1264 967 1316 1034 vel
1353 988 1440 1053 non;

189 1056 306 1147 quodsi
329 1064 425 1146 pater
446 1058 481 1127 in
506 1060 591 1124 vivis
614 1058 669 1138 sit,
695 1059 904 1137 minorennrs,
940 1055 994 1123 vel
1029 1058 1128 1122 etiam
1154 1055 1356 1145 majorennis
1379 1054 1440 1121 sed

189 1147 249 1213 sub
273 1145 422 1213 curatela
445 1146 552 1236 patris
575 1146 781 1213 constitutus
805 1143 876 1210 sine
899 1165 1062 1211 consensu
1097 1145 1204 1232 patris
1240 1142 1441 1298 prohibetur

189 1233 448 1302 acontrabendo
462 1234 672 1300 matrimonio
686 1255 693 1318 ;
717 1232 834 1322 quodsi
851 1239 963 1298 autem
975 1238 1072 1322 pater
1088 1255 1152 1299 non
1169 1255 1244 1315 amp
1259 1232 1313 1298 ius
1335 1231 1439 1312 vivat,

189 1322 243 1388 vel
265 1323 294 1388 si
319 1321 413 1389 vivat
436 1323 576 1408 quidem,
600 1321 658 1389 sed
682 1322 724 1387 ad
748 1319 933 1388 curatelam
955 1320 1016 1386 filii
1041 1321 1093 1387 sui
1117 1319 1278 1386 inhabilis
1291 1319 1347 1401 sit,
1368 1319 1439 1386 loco

189 1409 260 1498 ejus
282 1411 489 1478 constitutus
509 1415 601 1476 tutor
624 1415 684 1476 aut
706 1415 841 1476 curator
863 1409 962 1476 debet
994 1431 1164 1475 assensum
1198 1407 1234 1475 in
1271 1406 1439 1476 matrimo-

188 1499 279 1566 nium
303 1497 505 1564 minorennis
528 1504 590 1565 aut
612 1496 750 1564 curandi
773 1497 941 1585 praebere,
965 1519 1003 1563 ac
1024 1503 1161 1650 praeter
1181 1497 1269 1562 bunc
1292 1495 1440 1563 officium

188 1585 361 1675 politicum
385 1584 554 1654 circulare.
579 1624 620 1638 -
645 1585 858 1674 Temporarie
881 1585 922 1650 ad
948 1589 1023 1652 tuta
1038 1607 1089 1651 cm
1110 1590 1144 1650 et
1175 1584 1358 1652 curatelam
1391 1584 1440 1651 in·

189 1695 292 1762 capax
316 1679 369 1740 est
391 1680 488 1762 pater
518 1677 553 1762 a)
577 1677 605 1741 si
627 1695 724 1740 usum
746 1673 889 1740 rationis
913 1673 1047 1758 amisit;
1094 1675 1127 1758 b)
1152 1673 1182 1738 si
1206 1671 1366 1760 prodigus
1389 1671 1443 1739 de·

191 1762 360 1846 elaretnr;
385 1765 416 1848 c)
439 1763 467 1828 si
491 1784 550 1852 pro
576 1768 628 1830 ter
651 1761 825 1828 crimen-ad
842 1761 996 1848 majorem
1022 1782 1120 1845 quam
1143 1761 1244 1827 unius
1267 1762 1348 1828 anni
1372 1783 1442 1828 car·

189 1873 299 1917 cerum
321 1871 460 1939 poenam
478 1873 537 1917 con
563 1855 715 1917 smnatus
737 1849 802 1936 sit;
828 1852 862 1936 d)
887 1849 915 1915 si
940 1856 1058 1937 sponte
1070 1857 1168 1915 exeat
1181 1871 1221 1916 ex
1234 1847 1440 1930 Monarchia,

188 1945 247 2005 aut
268 1939 363 2006 ultra
386 1961 507 2006 annum
531 1939 650 2006 absens
673 1939 729 2014 sit,
754 1941 832 2025 quin
856 1937 1060 2006 domicilium
1096 1958 1193 2003 suum
1224 1937 1373 2004 insinuet
1404 1939 1440 2025 (ξ

190 2026 262 2097 176.
285 2025 365 2094 coa.
389 2027 461 2095 civ.
484 2027 616 2115 Austr.)
651 2027 813 2093 Parentes
846 2031 969 2106 autem,
1005 2028 1060 2114 qui
1094 2025 1380 2092 alimentatiouem
1404 2036 1440 2091 et

188 2114 415 2182 educationem
453 2116 597 2182 filiorum
638 2113 816 2201 negligunt
848 2114 905 2202 jns
944 2113 1136 2202 parentelae
1167 2113 1201 2179 in
1237 2119 1438 2202 perpetuum

188 2203 351 2270 amittunt
374 2206 408 2287 (ξ
433 2202 505 2270 177.
529 2202 609 2271 uon.
633 2201 703 2270 (liv.
728 2205 861 2288 Austr.)
880 2201 1055 2288 illegitimi
1078 2203 1287 2268 minorennes
1310 2223 1440 2291 quoque

187 2291 342 2377 indigent
365 2291 407 2356 ad
431 2291 675 2358 matrimonium
698 2289 1259 2358 contrahendnmassensusucrum
1277 2297 1439 2372 tutorum,

187 2385 221 2448 ct
244 2379 355 2447 Officii
378 2379 550 2446 circularis
580 2379 720 2467 politici.

196 2551 199 2558 .
282 2488 432 2556 Possunt
454 2495 566 2557 autem
589 2495 745 2577 parentes
769 2489 870 2555 etiam
894 2493 1012 2554 contra
1034 2487 1178 2576 prolium
1212 2509 1348 2556 suarum
1373 2509 1439 2554 ma·

187 2577 374 2661 iorennium
398 2578 610 2644 matrimonia
632 2576 865 2644 inhibitionem
888 2598 984 2642 suam
1013 2576 1225 2664 interponere
1248 2574 1438 2661 etquidem

186 2664 335 2754 proxime
359 2667 695 2755 antecopulationem
718 2687 760 2731 ex
782 2664 913 2731 causis:
938 2663 1101 2731 malorum
1116 2687 1254 2743 morum,
1267 2662 1437 2746 infamiae,

185 2774 419 2842 perversorum
441 2755 676 2843 principiorum
699 2753 841 2820 alterius
865 2753 972 2841 partis
996 2753 1233 2840 competentis;
1273 2750 1440 2818 sufficien-

186 2849 238 2909 tes
259 2842 400 2929 insuper
423 2864 542 2910 causae
564 2843 708 2910 suntad
732 2841 950 2907 inhibendum
973 2841 1221 2908 matrimonium
1245 2839 1439 2907 morbioon-

185 2930 320 3016 tagiosi,
345 2930 496 2998 deiectus
519 2932 708 3020 corporales
731 2951 866 3018 scopum
900 2929 1102 2996 matrimonii
1139 2929 1365 3016 impedientes,
1403 2935 1438 2994 ct

186 3017 336 3084 defectus
360 3020 627 3087 sustentationis.
652 3019 779 3089 Contra
802 3017 1039 3104 interpositum
1071 3016 1227 3084 Vetitum
1249 3022 1437 3105 parentum,

185 3106 246 3173 snb
268 3106 368 3193 gravi
390 3129 496 3195 poena
518 3107 736 3175 interdictum
760 3113 813 3173 est
836 3106 1020 3173 animarum
1044 3106 1257 3174 curatoribus
1270 3104 1438 3171 matrimo-

185 3193 247 3261 niis
271 3192 444 3262 adsistere.
468 3195 538 3284 Ipsi
572 3204 683 3264 autem
707 3195 770 3263 sub
785 3194 904 3266 ,tutela
937 3200 973 3260 et
1003 3194 1154 3260 curatela
1192 3191 1371 3262 constituti
1404 3192 1437 3259 si

185 3290 302 3350 contra
341 3282 547 3351 voluntatem
583 3307 719 3352 suorum
750 3289 900 3350 tutorum
943 3284 1187 3350 matrimonium
1220 3280 1437 3362 contrahant,

184 3370 299 3458 poenis
322 3370 357 3436 in
381 3393 481 3438 sensu
504 3379 523 3458 ξ
545 3373 619 3439 507.
645 3369 774 3440 Codicis
797 3369 946 3459 poenalis
988 3369 1173 3456 subjacent,
1197 3373 1232 3436 et
1255 3369 1435 3458 privantur

181 3459 315 3545 juribus
338 3464 373 3526 et
396 3459 582 3528 hereditate
601 3462 700 3549 juxta
723 3462 741 3546 ᾗ
764 3460 816 3526 31.
841 3458 925 3546 legis
944 3459 1202 3526 matrimonialis
1225 3456 1435 3526 Austriacae.

280 3551 377 3636 Illota.
402 3569 528 3652 Quodsi
551 3577 708 3658 parentes
731 3575 765 3636 et
788 3574 920 3636 tutores
944 3568 1134 3636 immediate
1156 3573 1235 3634 ante
1251 3566 1434 3656 copulatio·

183 3677 257 3722 nem
281 3659 489 3724 matrimonio
512 3658 753 3739 contradicant,
777 3657 949 3724 Parochus
973 3655 1098 3724 auditis
1121 3656 1275 3746 partibus
1286 3658 1315 3722 si
1328 3655 1436 3722 infun·

183 3743 297 3812 datam
320 3743 488 3812 invenerit
508 3745 767 3833 prohibitionem
788 3745 1039 3833 majorennium,
1064 3747 1188 3832 poterit
1201 3765 1256 3812 eos
1269 3744 1435 3846 copulare,

185 3854 280 3900 secus
304 3853 373 3898 rem
398 3833 629 3900 ordinariatui
653 3835 821 3900 insinuare
838 3833 947 3916 debet,
972 3839 1006 3900 et
1028 3854 1066 3900 co
1091 3833 1273 3900 ulationcm
1288 3829 1433 3910 differre,

182 3919 290 3988 donec
301 3941 495 4010 responsum
513 3921 555 3988 ab
573 3921 793 3988 Ordinariatu
806 3923 1032 4010 superveniat.
1076 3923 1311 4010 onsequentiae
1325 3925 1437 3986 antem

182 4009 349 4078 contracti
374 4017 489 4076 contra
512 4010 771 4097 prohibitionem
795 4016 972 4098 parentum
1007 4009 1208 4078 matrimonii
1241 4007 1437 4076 indicantur

182 4104 202 4184 ξ
227 4095 324 4178 1220,
351 4097 446 4179 1222,
471 4097 625 4166 et1231.
650 4097 779 4166 Codicis
803 4098 923 4168 Civilis
946 4096 1132 4183 Austriaci.

279 4205 437 4275 Ceterum
459 4207 599 4274 liberum
634 4215 687 4276 est
716 4209 990 4296 nupturientibus
1022 4213 1141 4274 contra
1173 4206 1435 4294 prohibitionem

180 4301 361 4386 parentum
385 4295 428 4362 ad
451 4294 622 4366 Judioium
647 4295 745 4363 civile
767 4315 949 4364 recurrere.

278 4405 372 4493 568.
396 4406 635 4473 instructionis
658 4405 765 4474 relate
788 4407 830 4472 ad
856 4404 1114 4510 prohibitionem
1139 4412 1315 4494 parentum
1354 4406 1436 4470 hacc

180 4493 357 4562 continet:
383 4493 496 4560 Etiam
520 4494 553 4559 in
579 4495 741 4562 nectendo
764 4495 968 4560 matumonii
993 4494 1130 4564 vinculo
1153 4513 1313 4562 memores
1337 4497 1438 4560 sunto

180 4580 394 4650 filiifamilias
416 4583 550 4650 Domini
573 4582 737 4650 dieentis:
772 4583 909 4649 Honora
942 4589 1072 4671 patrem
1109 4590 1204 4650 tuum
1239 4587 1274 4651 ct
1297 4588 1438 4648 matrem

180 4671 298 4738 tuaml
322 4671 500 4738 Praeterea
524 4691 628 4759 prona
652 4677 704 4738 est
727 4670 769 4736 ad
794 4692 1016 4760 praepropera
1029 4671 1169 4740 consilia
1187 4670 1357 4758 juventus,
1370 4667 1438 4734 nisi

182 4758 379 4824 maturioris
402 4761 525 4824 aetatis
548 4759 754 4846 experientia
778 4766 926 4844 regatur,
952 4767 987 4826 et
1009 4759 1166 4846 conjugia
1182 4761 1308 4848 absque
1324 4753 1440 4825 debita
