3426 5368
904 393 969 460 358

341 611 376 696 a)
400 609 497 692 Quod
520 633 639 680 nomen
673 615 771 680 testis
804 623 835 680 et
855 636 907 681 cu·
996 613 1039 679 ad
1062 612 1098 705 a)
1135 612 1305 704 Josephus
1337 614 1476 702 Berger,
1512 615 1559 683 47

295 695 351 783 jus
374 698 526 765 aetatis?
952 723 1123 770 annorum.

340 787 372 870 b)
395 785 499 873 Cujus
521 771 742 872 Religionis?
989 783 1037 857 vcd
1059 793 1092 872 b)
1117 788 1315 857 Catholicae
1349 788 1553 878 Religionis.

340 875 371 959 c)
396 873 499 962 Cujus
533 881 654 955 status,
690 877 904 964 characteris,
993 878 1037 946 ad
1059 878 1091 967 c)
1127 877 1348 966 Conjugatus,
1386 887 1552 948 mercator

298 963 429 1050 etquis
454 964 544 1030 locus
570 962 754 1030 domicilii?
953 967 988 1032 in
1012 966 1200 1034 Thalheim.

340 1071 533 1158 quorum,
557 1078 592 1140 et
615 1096 712 1158 quam
728 1097 831 1164 prope
855 1067 904 1143 co‘·
995 1075 1038 1142 ad
1072 1079 1107 1163 d)
1153 1076 1226 1144 Nec
1270 1076 1557 1164 consanguineus,

295 1165 423 1245 gnotus
457 1182 531 1228 cum
573 1163 727 1250 partibus
772 1186 908 1233 causan·
953 1164 1075 1246 affinis,
1099 1164 1158 1232 sed
1179 1163 1215 1230 in
1239 1168 1438 1250 cognatione
1459 1165 1560 1254 spiri·

296 1247 417 1315 tibus?
951 1252 1052 1334 tuali,
1097 1274 1163 1342 qua
1205 1253 1360 1340 patrinus
1413 1253 1561 1323 duarum

951 1341 1095 1430 prolium
1126 1340 1272 1408 illorum.

333 1447 372 1549 e)
407 1445 531 1600 [pitrum
565 1447 657 1536 parti
703 1448 803 1517 alteri
848 1449 909 1518 ini·
998 1451 1042 1518 ad
1065 1468 1093 1539 e)
1118 1450 1195 1521 Non
1218 1471 1302 1518 sum.

298 1557 404 1603 mmus

333 1625 376 1710 j)
409 1623 451 1690 ln
495 1636 560 1713 quo
602 1624 684 1693 haec
729 1624 906 1694 inimicitia
995 1627 1038 1694 ad
1051 1629 1094 1717 f)
1118 1627 1246 1695 Cessat.

299 1712 481 1780 consistit?

341 1823 381 1910 g)
407 1823 532 1890 Utrum
575 1824 617 1892 ab
662 1824 758 1892 exitu
802 1823 903 1912 hujus
992 1825 1035 1892 ad
1056 1825 1095 1914 g)
1124 1824 1196 1894 Nec
1218 1826 1356 1908 lucrum,
1372 1846 1435 1894 nec
1464 1822 1563 1894 dam·

299 1931 418 1978 causae
441 1912 577 2000 aliquod
611 1911 741 1980 lucrum
778 1912 833 1980 vel
856 1912 910 1981 da·
933 1936 1021 1980 num.

300 2021 411 2066 mnum
436 2000 576 2090 speret?

343 2112 377 2196 t)
411 2109 453 2177 In
487 2131 551 2199 quo
585 2110 648 2178 hoc
690 2111 820 2178 luorum
854 2110 910 2177 vel
999 2111 1042 2178 ad
1063 2113 1098 2197 h)
1122 2112 1251 2182 Cessat.

302 2197 458 2265 damnum
482 2197 667 2265 consistit?

345 2289 369 2373 i)
391 2287 481 2355 Num
505 2285 628 2374 aliquis
651 2286 838 2354 tentaverit
860 2291 908 2352 te·
976 2287 1019 2354 ad
1041 2287 1069 2375 a)
1093 2286 1210 2356 Nemo.

301 2380 386 2442 stem
399 2375 566 2442 instruere
585 2374 666 2463 quid
689 2381 726 2442 et
748 2374 910 2463 quomodo

301 2462 481 2530 fateatur?
917 2525 920 2530 .

344 2553 379 2636 lc)
401 2551 523 2618 Utrum
533 2555 670 2639 propter
682 2551 911 2618 testimonium
1000 2550 1042 2616 ad
1065 2551 1099 2636 lc)
1124 2551 1209 2620 Non.

301 2661 428 2752 aliquid
461 2660 703 2750 appromissum
750 2667 811 2728 aut
856 2661 911 2728 da·

300 2755 373 2817 tum
397 2748 467 2817 sit?

345 2841 370 2928 1)
394 2839 427 2905 A
451 2858 516 2926 quo
538 2843 572 2904 o
595 2812 703 2924 quina
998 2838 1039 2904 ao
1063 2842 1088 2925 1)
1111 2837 1243 2906 cessas.

397 2948 439 3015 In
461 2947 620 3014 continuo
644 2946 854 3015 examinatus
877 2954 930 3014 est
966 2948 1066 3015 testis
1090 2949 1130 3015 da
1153 2946 1319 3014 Articulis
1342 2967 1402 3035 per
1424 2948 1565 3034 partem

300 3034 341 3104 Α.
367 3035 541 3191 affligi
557 3042 594 3190 eq
615 3034 664 3190 aIdt·
680 3039 892 3119 quaestiones
938 3036 1157 3104 commissarii
1192 3041 1330 3103 eatenus
1353 3035 1562 3124 propositas.

508 3145 550 3190 r.
596 3173 603 3189 .
665 3146 694 3190 a.

395 3235 452 3302 Ad
476 3234 642 3324 Speoialia
663 3234 691 3301 I.
718 3235 751 3320 1)
774 3234 859 3301 Fuit
883 3234 1185 3302 diesPcntocostes
1198 3233 1299 3322 hujus
1312 3233 1391 3300 anui
1404 3237 1562 3322 tempora

300 3324 413 3392 cultus
437 3324 540 3390 divini
563 3323 781 3413 pomeridiani
803 3323 844 3389 ad
867 3325 895 3390 I.
919 3325 956 3413 2)
980 3322 1145 3413 Equidem
1167 3345 1233 3390 non
1258 3323 1329 3390 vidi
1350 3321 1558 3404 immediate,

301 3413 453 3502 quisnam
477 3412 709 3497 querulantem
732 3418 802 3477 tam
826 3412 898 3480 dire
910 3413 1119 3479 cruciaverit.
1132 3411 1296 3477 Attamen
1311 3409 1426 3477 audivi
1448 3411 1561 3479 adhuc

302 3525 375 3567 cum
399 3524 469 3568 meo
492 3502 527 3567 in
551 3501 681 3566 domum
705 3521 817 3566 eorum
840 3500 985 3568 introitu
1019 3505 1130 3567 notam
1167 3521 1279 3567 vocam
1312 3499 1476 3566 Accusati
1500 3499 1560 3585 qui

301 3591 392 3657 inter
413 3589 669 3674 imprecationes
715 3589 907 3656 minabatur
929 3589 997 3656 alia
1021 3593 1091 3656 vica
1114 3587 1223 3656 adhuc
1252 3587 1420 3655 crudelius
1443 3589 1560 3676 conju·

301 3700 377 3765 gem
400 3699 493 3743 suam
517 3682 750 3744 tractaturum.
785 3677 904 3745 Proles
939 3677 1041 3744 etiam
1077 3675 1268 3743 clamabant
1294 3681 1329 3743 et
1351 3676 1560 3743 invocabant

302 3765 506 3855 adjutorium
529 3787 589 3852 pro
614 3770 728 3846 matra,
752 3787 851 3853 quam
872 3771 971 3855 pater
1007 3766 1076 3832 dire
1097 3764 1299 3846 verberaret,
1324 3768 1360 3831 at
1383 3762 1432 3831 sic
1453 3785 1558 3853 porro

302 3854 344 3920 ad
367 3853 395 3920 Ι.
419 3853 452 3939 3)
477 3853 584 3922 Causa
611 3901 618 3917 .
643 3902 650 3918 .
675 3901 683 3918 .
708 3902 716 3919 .
740 3863 773 3920 et
797 3857 844 3920 sic
873 3877 982 3944 porro.

396 3941 454 4009 Ad
475 3940 554 4008 Art.
577 3939 623 4006 ΙΙ.
647 3939 712 4008 lta.

396 4050 454 4118 Ad
477 4050 641 4139 specialia
672 4049 719 4117 Π.
767 4052 800 4137 1)
833 4051 992 4135 Qualibet
1021 4053 1209 4139 septimana
1236 4052 1390 4141 repetitis
1424 4049 1560 4119 vicibus

303 4138 400 4208 video
423 4138 520 4205 illum
544 4138 676 4206 domum
711 4145 855 4220 cuntem,
879 4144 979 4207 etcat.

397 4247 603 4316 Praemissus
626 4249 789 4317 fossiones
811 4251 892 4316 testi
928 4248 1104 4338 perlectae,
1137 4257 1172 4318 ct
1194 4251 1236 4317 ab
1260 4249 1373 4317 eodem
1396 4272 1461 4338 qua
1485 4273 1561 4337 pro·

303 4336 394 4424 priua
417 4341 620 4426 amentatas,
645 4344 776 4405 etcum
796 4336 882 4404 nihil
906 4337 1049 4427 amplius
1072 4337 1161 4424 quod
1194 4338 1382 4406 reflecteret
1406 4338 1560 4423 haberet,

303 4428 485 4512 praemissa
521 4425 747 4494 admonitione
783 4425 824 4494 de
854 4433 983 4494 secrato
1017 4426 1181 4494 servando
1219 4426 1430 4514 subscriptae
1463 4436 1561 4498 sunt.

1181 4581 1206 4650 J
1208 4583 1350 4672 osephus
1372 4581 1513 4671 Berger.

401 4690 502 4758 Teste
525 4692 627 4780 priori
651 4691 787 4759 dimisso
810 4693 996 4782 comparuit
1019 4695 1117 4762 testis
1141 4713 1201 4784 par
1235 4691 1406 4762 Actrioem
1445 4699 1565 4783 quoad

304 4777 381 4845 Art.
405 4778 468 4846 ΠΙ.
494 4785 528 4848 et
550 4779 611 4847 IV.
636 4780 836 4848 nominatus.
