3420 5358
900 367 966 436 230

823 463 1028 472 —-—-—--—

297 684 332 776 §.
362 683 428 766 71.
456 677 701 782 Disciplina
728 677 949 765 Ecclesiae
977 680 1228 782 Orientalis,
1256 681 1374 766 circa
1401 683 1547 765 Sacra·

655 809 847 887 mentum
875 806 1189 889 Paenitentiae.

310 975 315 991 ¹
393 951 571 1040 Duplicem
618 951 810 1018 Orientales
833 951 1049 1040 distinguunt
1086 954 1335 1042 poenitentiam,
1370 953 1545 1042 publicam,

300 1049 334 1110 et
354 1042 530 1130 privatam.
555 1039 695 1107 Publica
718 1040 925 1128 poenitentia
949 1047 1010 1121 est,
1035 1064 1133 1128 quam
1164 1041 1360 1132 Episcopus,
1393 1041 1448 1108 vel
1471 1041 1547 1106 Pre-

299 1132 418 1219 sbyter
440 1127 722 1217 poenitentiarius
745 1127 787 1194 ad
811 1127 980 1195 Oanonum
1004 1130 1171 1198 Ecclesiae
1196 1153 1342 1196 normam
1389 1129 1547 1209 decernit,

299 1225 402 1307 atque
426 1239 446 1283 a
469 1216 629 1282 confessis
651 1217 881 1304 peccatoribus
905 1217 1039 1306 publice
1061 1218 1246 1308 peragitur.
1278 1218 1418 1285 Privata
1460 1237 1548 1296 vero,

299 1328 385 1392 quae
408 1328 427 1371 a
450 1304 660 1373 confessario
683 1304 888 1392 poenitentis
908 1305 986 1370 fidei
1010 1312 1045 1373 et
1068 1307 1287 1373 conscientiae
1327 1305 1488 1395 privatim
1512 1326 1550 1370 ac

302 1399 430 1462 secreto
453 1392 643 1482 peragenda
665 1395 895 1460 committitur.

327 1576 361 1670 ξ.
397 1570 463 1652 72.
505 1555 782 1652 Paenitentia
823 1570 1011 1676 publica,
1046 1570 1162 1653 varii
1208 1571 1525 1676 poenitentium

832 1698 1009 1800 gradus.

343 1836 345 1840 ’
399 1843 538 1910 Publice
560 1843 801 1931 poenitentium
825 1843 950 1930 gradus
974 1851 1070 1914 erant
1093 1851 1291 1932 sequentes:
1318 1843 1351 1930 1)
1367 1843 1552 1926 Flentium,

303 1933 361 2022 qui
386 1937 481 1998 extra
504 1939 635 2019 portam
658 1931 776 2019 templi
800 1931 975 1998 constituti
1000 1954 1020 1998 a
1042 1931 1198 1999 fidelibus
1221 1931 1407 1999 Ecclesiam
1427 1933 1554 1998 intran-

304 2021 398 2088 tibus
422 2025 455 2086 et
479 2019 728 2106 egredientibus
751 2019 882 2086 veniam
906 2019 1134 2109 postulabant.
1159 2021 1193 2106 2)
1238 2019 1470 2102 Audientium,
1496 2021 1555 2108 qui

307 2114 395 2175 intra
418 2113 550 2195 portam
573 2107 690 2260 templi
715 2109 891 2174 constituti
915 2109 1065 2196 hymnos,
1098 2129 1330 2195 sacrarumque
1366 2107 1555 2195 Scriptura-

305 2220 378 2265 rum
401 2196 575 2262 lectionem
600 2209 643 2261 au
668 2195 790 2262 iebant.
816 2197 851 2284 3)
876 2196 1139 2276 Substratorum,
1164 2197 1221 2284 qui
1257 2200 1347 2262 intra
1392 2196 1555 2285 templum

306 2284 526 2352 consistentes
550 2284 859 2364 substernebantur,
885 2291 1015 2350 etcum
1060 2283 1305 2350 catechumenis
1350 2283 1394 2349 ad
1441 2306 1556 2351 vocem

304 2372 446 2440 Diaconi
473 2372 603 2452 ,vocati
634 2375 740 2438 exite‘
768 2372 1034 2457 egrediebantur.
1069 2373 1104 2458 4)
1151 2371 1450 2459 Comprecantium,
1497 2373 1557 2458 qui

304 2461 545 2551 poenitentiam
571 2466 718 2546 egerant,
743 2466 844 2548 atque
887 2482 1025 2548 poenam
1071 2461 1261 2526 canonicam
1307 2459 1555 2541 sustinuerunt,

304 2551 379 2616 ideo
403 2571 476 2616 cum
500 2548 655 2615 fidelibus
679 2550 981 2634 comprecabantur,
1006 2547 1064 2613 sed
1087 2548 1408 2615 adcommunionem
1425 2549 1556 2615 Eucha-

305 2638 422 2704 ristiae
445 2635 590 2703 nondum
614 2635 751 2702 admissi
775 2642 881 2702 erant.
915 2637 950 2722 5)
994 2636 1284 2724 Participantinm,
1330 2636 1389 2723 qui
1435 2636 1575 2724 dignos.

306 2725 532 2814 poenitentiae
555 2725 686 2791 fructus
709 2725 870 2804 fecerunt,
895 2733 931 2790 et
966 2724 1099 2790 divinae
1142 2723 1372 2794 Communioni
1417 2726 1555 2812 partici-

268 2874 271 2880 .
329 2814 441 2880 abant.

306 2837 329 2962 p.
402 2901 467 2966 His
490 2898 534 2965 ad
555 2897 792 2984 intelligendos
815 2899 965 2966 Cancnes
989 2900 1246 2988 poenitentiales
1269 2899 1475 2988 praemissis,
1520 2900 1558 2967 id

308 3009 438 3077 quoque
461 2985 704 3054 observandum
728 2993 790 3067 est,
817 3009 881 3054 non
905 2989 1000 3054 modo
1023 2988 1063 3054 ob
1088 2988 1226 3055 crimina
1249 2987 1392 3074 publica,
1440 3010 1559 3056 varum

307 3079 408 3142 etiam
431 3075 561 3142 occulta
584 3073 712 3159 gravia,
737 3075 974 3163 Episcoporum
999 3098 1016 3141 e
1040 3075 1207 3143 sententia
1226 3075 1396 3163 publicam
1442 3079 1554 3165 poeni·

306 3164 448 3231 tentiam
471 3163 594 3251 imponi
618 3163 777 3250 potuisse.
801 3163 854 3230 Ex
877 3164 1017 3229 arbitrio
1041 3169 1152 3231 autem
1177 3170 1211 3230 et
1255 3163 1432 3231 voluntate
1476 3165 1558 3251 Epi·

307 3273 479 3341 scoporum
503 3251 677 3339 pendebat,
703 3257 741 3314 ut
763 3252 973 3338 poenitentes
996 3274 1056 3340 per
1079 3274 1200 3333 omncs,
1225 3259 1285 3318 aut
1308 3273 1388 3318 vero
1423 3254 1558 3341 paucio-

307 3363 360 3406 res
383 3341 568 3408 transirent
590 3338 816 3427 poenitentiae
840 3340 974 3424 gradus,
1001 3345 1101 3425 atque
1125 3342 1166 3406 de
1188 3349 1338 3428 tempore
1382 3341 1558 3428 poeniten·

307 3429 377 3495 tiae
398 3435 536 3516 propter
558 3429 665 3494 zelum
688 3428 892 3514 poenitentis
915 3430 1118 3508 remittatur,
1144 3429 1216 3493 sive
1237 3426 1457 3513 Indulgentia
1482 3451 1557 3495 con-

308 3516 455 3584 cedatur.
478 3514 716 3601 Indulgentiae
739 3515 878 3603 proinde
901 3516 1002 3582 etiam
1026 3517 1060 3581 in
1084 3515 1236 3591 Ecclesia
1260 3515 1427 3584 Orientali
1472 3539 1554 3583 sam-

308 3627 367 3693 per
390 3605 617 3684 obtinuerunt,
642 3625 726 3691 quae
750 3627 767 3669 e
790 3611 956 3692 potestate
982 3605 1110 3690 ligandi
1134 3602 1342 3670 absolvendi
1378 3604 1558 3693 Episcopis

308 3693 434 3760 collata
457 3691 664 3758 derivantur.

558 3872 593 3965 ξ.
623 3868 690 3952 73.
718 3872 782 3951 De
808 3869 1086 3952 Paenitentia
1112 3870 1300 3974 privata.

404 4017 580 4101 Abrogata
603 4016 638 4081 in
661 4015 812 4082 Ecclesia
835 4015 1000 4082 Orientali
1024 4017 1085 4082 sub
1118 4016 1277 4084 Nectario
1322 4014 1560 4082 Constantino·

309 4105 459 4195 politano
482 4103 647 4191 Episcopo
670 4104 712 4169 ad
736 4105 833 4170 finem
857 4103 981 4170 sacculi
1005 4103 1082 4170 IV-i
1097 4105 1304 4192 poenitentia
1316 4101 1561 4190 publica,quod

310 4192 494 4280 exemplum
518 4192 640 4258 sensim
662 4193 814 4259 imitatae
838 4199 917 4257 sunt
940 4190 1025 4256 aliae
1049 4214 1178 4280 quoque
1201 4191 1421 4258 Orientalium
1445 4189 1559 4256 Eccle-

309 4283 388 4361 siae,
411 4281 572 4346 remansit
594 4282 629 4345 in
674 4280 825 4346 Ecclesia
870 4279 942 4346 sola
982 4283 1186 4366 poenitentia
1208 4280 1350 4368 privata,
1391 4278 1462 4344 sive
1508 4299 1558 4344 se-

310 4374 400 4436 creta
423 4376 632 4456 peccatorum
657 4369 829 4449 confessio,
855 4373 983 4435 secreta
1005 4369 1133 4456 pariter
1157 4390 1292 4456 opernm
1329 4365 1560 4455 poenitentiae

311 4459 482 4544 injunctio,
506 4461 541 4522 et
565 4479 676 4523 eorum
700 4456 947 4544 adimpletionis
972 4456 1194 4522 conscientiae
1224 4455 1427 4543 poenitentis
1474 4475 1558 4520 com·

311 4546 433 4612 missio.
456 4544 549 4611 Haeo
572 4553 683 4610 autem
707 4552 835 4611 secreta
857 4550 1066 4632 peccatorum
1099 4544 1261 4610 confessio
1296 4543 1442 4630 exceptis
1488 4541 1560 4630 qui-

310 4634 450 4701 busdam
472 4632 663 4713 ditionibus,
688 4655 753 4698 non
776 4635 916 4719 genibus
939 4631 1045 4712 flexis,
1070 4631 1129 4698 sed
1153 4631 1295 4698 sedendo
1334 4632 1386 4698 vel
1433 4629 1557 4696 stando

311 4744 384 4790 oum
407 4722 595 4791 reverentia
617 4720 676 4804 fit,
701 4722 787 4807 quod
811 4721 910 4787 etiam
935 4721 968 4785 in
1001 4719 1155 4787 Ecclesia
1200 4719 1322 4786 Latina
1367 4717 1559 4805 antiquitus
