3420 5358
815 363 880 430 283

308 584 344 674 2)
368 584 434 669 Qui
456 589 571 674 patres
594 589 628 652 et
646 586 915 655 matresfamilias
938 586 1012 654 fieri
1034 585 1155 654 volunt
1178 585 1302 656 debent
1323 607 1396 656 essa
1417 587 1461 656 ad

212 671 443 742 educationem
463 673 589 743 sobolis
610 674 729 756 idonei,
753 675 788 742 in
812 672 986 765 principiis
1030 672 1204 762 religionis
1249 675 1461 746 Christianae

212 759 326 828 debite
347 760 528 848 instructi;
551 762 629 830 hinc
648 760 705 849 jus
728 763 889 853 competit
911 761 1054 852 parocho
1077 785 1215 851 sponsos
1245 769 1325 832 ante
1347 763 1461 832 matri-

212 851 358 917 monium
380 849 601 932 examinaudi,
626 856 661 918 et
683 850 829 918 officium
853 850 1065 919 instituendi.
1088 855 1130 937 (ξ.
1152 853 1204 920 74.
1238 852 1416 940 Instruct.)

308 959 342 1047 3)
365 959 565 1050 Requiritur
587 961 761 1049 productio
783 961 1069 1042 documentorum,
1088 960 1202 1050 qualia
1224 968 1324 1030 sunt:
1370 963 1462 1030 Lite-

213 1069 271 1114 rae
293 1048 519 1136 baptismales,
545 1047 800 1117 Testimonium*
813 1049 939 1117 liberae
962 1049 1164 1116 conditionis
1188 1071 1247 1116 seu
1269 1056 1462 1119 statuscoe·

211 1133 291 1204 libis
314 1136 366 1203 vel
392 1135 495 1204 vidui.
518 1137 761 1206 Testimonium
784 1138 824 1204 de
847 1137 1165 1226 proclamationibus
1187 1137 1258 1206 suia
1295 1139 1377 1206 locis
1414 1141 1462 1208 in·

211 1223 357 1300 stitutis‚
381 1246 420 1291 ac
442 1246 502 1313 pro
524 1230 644 1293 renata
666 1225 816 1292 dimissio
839 1249 860 1292 a
883 1225 1025 1314 parocho
1048 1225 1148 1292 unius
1170 1227 1294 1314 sponsi,
1325 1235 1387 1294 aut
1409 1227 1462 1294 Li·

210 1317 306 1378 teraa
329 1310 550 1399 delegationis
573 1313 714 1380 alteriue
736 1313 931 1402 Presbyteri
976 1320 1016 1379 ut
1050 1314 1260 1380 matrimonio
1304 1315 1463 1402 legaliter

210 1399 371 1466 assistere
394 1400 516 1467 valeat.
541 1399 745 1490 cooperator
767 1423 846 1468 vero
870 1406 905 1468 et
927 1400 1078 1489 Adjntor
1101 1399 1253 1482 Paroohi,
1278 1402 1336 1470 illo
1360 1403 1461 1491 impe·

210 1485 283 1554 dito
307 1487 518 1575 delegatione
540 1510 606 1555 non
630 1488 769 1575 indiget,
793 1511 892 1592 quam
915 1510 976 1579 pro
999 1488 1062 1555 tali
1085 1511 1165 1557 casu
1187 1511 1247 1579 per
1270 1489 1463 1580 dispositio·

209 1596 284 1642 nam
308 1575 467 1664 Episcopi
491 1577 601 1644 habet.
626 1576 745 1660 Quoad
767 1599 977 1645 mmorennes
1010 1583 1122 1644 autern
1146 1584 1181 1644 et
1203 1578 1265 1645 sub
1310 1579 1462 1647 curatela

210 1663 425 1746 constitutos,
450 1663 682 1734 documentum
705 1687 806 1753 super
827 1665 993 1754 praestita
1039 1687 1075 1732 er
1097 1672 1254 1754 parentes
1275 1673 1405 1734 tutores
1428 1674 1463 1734 ot

206 1750 474 1838 jurisdictionem
497 1753 668 1841 politicam
693 1751 785 1820 civili
809 1775 981 1820 consensu.
1006 1688 1125 1842 iisque
1147 1753 1270 1821 solutis
1310 1754 1463 1822 omnibus

210 1838 332 1920 dubiis,
357 1861 396 1907 ac
413 1841 603 1930 procuratis
627 1842 667 1910 de
690 1838 765 1928 lege
787 1841 1006 1929 procurandis
1029 1841 1284 1910 matrimonialis
1295 1842 1463 1933 copulatio

209 1927 422 1996 instituenda
445 1933 507 1996 est.
531 1931 573 2018 (ξ.
599 1930 650 1996 70.
674 1929 853 2018 Instruct.)

456 2109 491 2204 ξ.
523 2105 616 2188 129.
644 2106 878 2190 Matricula
905 2105 1217 2212 copulatorum.

308 2273 416 2363 Super
438 2282 514 2344 actu
541 2297 578 2342 co
602 2274 763 2341 clationis
809 2275 933 2342 raescri
958 2280 1030 2343 tum
1054 2279 1117 2356 est,
1141 2281 1180 2341 ut
1201 2274 1232 2341 is
1253 2296 1328 2342 cum
1361 2274 1464 2340 omni·

208 2362 275 2429 bns
298 2362 560 2429 circumstantiis
580 2297 680 2444 iibro,
704 2363 763 2452 qui
786 2297 1014 2431 i'rotocoiium
1038 2363 1091 2430 vel
1130 2361 1310 2430 Matrioula
1333 2361 1464 2450 copula·

210 2457 323 2516 torum
347 2450 471 2517 dicitur
492 2451 636 2537 genuino
659 2451 871 2518 inscribatur.
896 2451 1083 2519 Instructio
1106 2451 1168 2518 hac
1191 2450 1232 2519 da
1253 2472 1290 2518 rc
1328 2472 1464 2539 sequen-

208 2538 263 2605 tia
285 2539 503 2628 praescrihit:

310 2651 338 2732 ξ.
363 2648 415 2715 76.
436 2647 616 2732 Parachus,
641 2649 694 2717 cui
718 2648 963 2740 copulationem
987 2671 1148 2738 peragere
1169 2648 1336 2738 competit,
1374 2653 1464 2717 tene·

209 2741 282 2816 tur,
306 2735 554 2804 m'atrimonium
577 2743 784 2806 contractum
810 2759 882 2803 cum
907 2740 1058 2804 omnibus
1081 2737 1261 2825 adjunctis,
1306 2757 1392 2825 quae
1421 2736 1465 2803 ad

208 2824 440 2914 probationem
466 2825 671 2893 efficiendam
696 2828 879 2892 necessaria
907 2825 959 2892 vel
983 2825 1195 2908 utilissimi,
1219 2825 1306 2893 libro
1319 2825 1463 2915 nuptiali

208 2913 387 3002 parochiae
410 2935 489 2980 suae
509 2916 643 3002 propria
666 2935 766 2980 manu
788 2913 979 2982 inscribere.
1003 2913 1173 2982 Distincte
1207 2914 1312 2999 igitur
1357 2911 1464 3002 expri-

210 3008 369 3069 mantur:
393 3000 521 3068 Nomen
544 3002 753 3092 baptismale,
778 3024 968 3090 cognomen,
994 3010 1098 3085 aetas,
1122 3001 1252 3088 religio,
1298 3000 1464 3069 habitatio

209 3095 247 3157 et
269 3088 418 3156 conditio
442 3089 639 3180 conjugum5
663 3089 809 3180 insuper,
834 3112 877 3155 an
899 3089 994 3179 prius
1016 3090 1084 3176 jam
1110 3091 1320 3157 matrimonio
1351 3089 1465 3177 juncti

208 3177 360 3261 fuerint;
383 3199 481 3264 porro
505 3199 633 3259 nomen,
657 3177 789 3264 religio,
814 3183 848 3244 et
871 3178 1018 3245 conditio
1056 3183 1232 3266 parentum
1257 3183 1292 3245 et
1314 3181 1461 3258 testium,

209 3266 293 3346 dies,
318 3287 392 3354 quo,
416 3287 477 3332 nec
498 3288 564 3333 non
599 3265 753 3333 sacerdos
790 3288 900 3333 coram
935 3289 1000 3356 quo
1034 3266 1282 3333 matrimonium
1305 3267 1464 3333 inierunt.

208 3353 337 3508 dQuodgi
362 3352 580 3422 difficultates
602 3357 808 3436 emerserint,
833 3353 959 3437 modus,
991 3377 1056 3452 quo
1080 3355 1233 3421 sublatae
1256 3353 1393 3436 fuerint,
1416 3353 1465 3420 in·

235 3445 310 3509 ioan
334 3463 374 3507 ua
397 3442 501 3508 venit.

308 3555 336 3636 ἕ.
361 3552 413 3618 77.
438 3549 535 3636 Quod
557 3552 587 3618 si
609 3552 775 3642 parochus
799 3551 1003 3619 sacerdotem
1049 3550 1224 3640 qnamdam
1256 3550 1387 3637 deleget
1421 3550 1465 3619 ad

207 3639 432 3728 copulandum
457 3661 596 3728 sponsos
619 3642 652 3706 in
677 3644 758 3722 loco,
782 3640 841 3706 ubi
864 3647 984 3707 neuter
1006 3662 1119 3708 eorum
1136 3638 1338 3706 domicilium
1352 3639 1463 3722 habat,

207 3727 377 3796 incumbit
399 3728 474 3815 ipsi,
498 3750 565 3794 rem
591 3730 622 3794 in
647 3727 735 3794 libro
759 3727 990 3817 copulatorum
1013 3727 1463 3817 parochiaesnaaannotare.

208 3815 382 3884 Parocbns
395 3817 468 3897 loci,
485 3815 541 3882 nbi
562 3815 809 3883 matrimonium
834 3816 1055 3897 contrabitur,
1068 3824 1178 3883 actum
1203 3815 1298 3882 modo
1312 3815 1465 3918 superius

207 3904 364 3992 exposito
390 3903 477 3970 libro
500 3902 730 3991 copulatorum
755 3904 933 3994 parochiae
956 3927 1036 3972 suae
1059 3905 1193 3993 propria
1212 3925 1311 3984 manu
1350 3903 1465 3971 macri·

207 3993 299 4071 bere,
323 4003 354 4058 et
376 3991 498 4060 addere
521 3991 620 4058 simul
644 3991 753 4074 debet,
778 4015 799 4059 a
822 4015 964 4081 quonam
988 3992 1133 4081 parocho
1178 3991 1345 4078 delegatio
1390 4013 1465 4058 con·

207 4102 304 4148 cessa
326 4079 383 4146 sit.
406 4079 581 4148 Posterior
603 4086 735 4148 tenetur
757 4083 896 4169 pariter,
920 4103 957 4148 co
982 4080 1166 4148 elationem
1203 4087 1382 4168 peractam,
1424 4079 1465 4146 de

210 4190 279 4254 qua
302 4168 413 4258 spatio
436 4176 512 4236 octo
536 4167 664 4234 dierum
688 4171 811 4240 certior
833 4104 1022 4238 reddendus
1045 4176 1107 4248 ost,
1132 4167 1217 4235 libro
1236 4167 1465 4256 copulatorum

208 4257 388 4346 parochiae
411 4256 514 4345 ipsius
537 4254 671 4324 inferre.

309 4370 336 4450 ς.
362 4366 413 4432 78.
438 4365 535 4446 Casu,
560 4387 624 4454 qno
647 4366 734 4435 civis
757 4368 961 4433 Austriaous
983 4369 1076 4454 petit,
1100 4371 1139 4432 ut
1162 4364 1408 4432 matrimonium
1422 4364 1464 4431 ab

209 4474 250 4522 co
272 4453 309 4518 in
333 4453 458 4522 exteris
481 4456 581 4520 terris
602 4457 721 4522 initum
747 4455 830 4522 libro
854 4454 1084 4542 copulatorum
1109 4452 1360 4542 parochiae,ubi
1377 4475 1464 4520 nnnc

209 4540 416 4609 domicilium
435 4541 518 4608 fixit
541 4542 721 4624 inseratur,
747 4541 921 4630 parochus,
946 4541 1097 4609 libellum
1142 4541 1321 4630 auplicem
1367 4539 1464 4608 simul

208 4651 286 4698 cnm
312 4630 564 4717 probationibus
587 4629 628 4698 de
651 4630 808 4733 conjugio
829 4632 895 4697 rite
919 4629 1004 4696 inito
1026 4629 1140 4696 allatis
1193 4631 1327 4718 piscopo
1349 4649 1465 4720 propo·

209 4723 272 4785 net
295 4739 335 4782 ac
356 4716 501 4804 ejusdem
526 4719 736 4806 exspectabat
760 4717 929 4783 mandata.
