3420 5358
641 323 647 364 l
917 375 982 438 24}

846 469 893 476 ὴ...
898 469 1049 478 ο-ο-κ-ω-

324 591 455 656 bantur.
503 590 534 656 S.
581 592 727 658 Basilius
773 593 905 661 Oenone
950 616 1009 658 suo
1047 590 1188 658 LXXX.
1224 593 1286 660 hac
1310 593 1409 660 dere
1433 595 1568 684 inquit:

327 677 546 766 ,Nuptiarum
590 678 825 767 pluralitatem
871 683 994 748 silentii
1027 680 1170 767 caligine
1203 682 1323 747 Patres
1358 681 1569 763 obvelarunt,

323 767 431 832 veluti
453 767 695 834 bestialitatem
719 775 753 833 et
777 769 918 836 alienam
942 770 983 834 ab
1018 769 1158 834 honesta
1182 767 1430 850 consuetudine,
1454 770 1568 858 ampli·

322 875 428 942 usque
473 875 570 940 quam
615 856 850 922 scortationem
883 879 954 924 esse
991 856 1220 944 puniendam‘
1247 855 1356 926 Juxta
1377 856 1568 924 hodiernam

321 943 450 1028 praxim
473 941 630 1029 Episcopi
653 942 901 1031 dispensatione
925 945 1130 1025 subvenitur,
1169 942 1308 1012 dumea
1331 948 1470 1033 petitur,
1496 967 1568 1011 cum

321 1051 416 1096 secus
442 1041 518 1118 post
548 1029 732 1097 Concilium
774 1031 1007 1100 Florentinum
1053 1031 1164 1118 plures
1209 1034 1396 1100 successive
1431 1033 1568 1122 nuptiae

320 1117 511 1204 prohibitae
535 1139 600 1184 non
628 1121 736 1204 sintl)

668 1299 702 1392 §-
732 1295 809 1376 sc:
825 1298 889 1377 Dc
922 1296 1218 1401 Sponsalibus

223 1487 226 1494 ,
416 1418 591 1506 Sponsalia
632 1418 729 1506 juxta
752 1421 779 1504 ἓ.
812 1419 840 1485 2.
875 1420 1115 1489 Instructionis
1160 1444 1233 1510 pro·
1265 1418 1509 1486 Tribunalibus
1532 1423 1567 1487 in

319 1507 462 1572 Austris
484 1506 787 1574 Matrimonialibus
810 1509 1034 1596 praescriptae
1058 1509 1283 1578 definiuntur:
1313 1513 1411 1588 ,sunt
1428 1530 1567 1575 conven-

320 1594 379 1674 tio,
402 1616 467 1682 qua
491 1617 558 1660 mas
582 1603 616 1661 et
640 1596 781 1662 foemina
804 1596 868 1660 sibi
893 1599 1095 1664 matrimonii
1117 1599 1206 1664 inter
1229 1617 1285 1663 eos
1308 1595 1445 1674 ineundi
1468 1595 1566 1662 fidem

320 1680 430 1747 dant‘
458 1681 594 1750 Graecis
639 1683 807 1770 sponsalia
838 1692 918 1750 sunt
947 1685 1122 1774 promissio
1153 1684 1262 1752 futuri
1285 1683 1491 1750 Matrimonii
1515 1707 1568 1750 sa·

319 1769 480 1836 cerdotali
502 1770 732 1838 benedictione
754 1772 921 1838 roborata.
967 1773 1063 1841 Circa
1102 1773 1271 1861 sponsalia
1307 1777 1489 1838 memorata
1511 1772 1566 1839 In·

320 1861 461 1925 structio
486 1881 521 1925 se
544 1859 659 1925 uentis
681 1859 899 1946 praescribit:

416 1952 445 2030 ξ.
470 1947 499 2012 3.
522 1880 698 2034 ἓροηεαὶὶε
743 1946 854 2013 valide
884 1948 961 2014 iniri
996 1953 1173 2036 nequeunt,
1207 1947 1271 2014 nisi
1295 1969 1355 2036 per
1379 1947 1567 2014 voluntatis

320 2031 577 2100 declarationem
621 2035 731 2115 libere,
770 2057 809 2100 ac
847 2035 959 2102 debita
993 2058 1066 2104 cum
1112 2035 1352 2103 deliberatione
1375 2035 1501 2102 factam
1524 2036 1565 2102 ab

320 2119 372 2202 iis,
397 2122 454 2212 qui
476 2122 720 2189 matrimonium
742 2121 832 2189 inter
869 2145 904 2189 se
946 2125 1057 2192 valide
1087 2147 1125 2191 ao
1158 2125 1251 2192 licite
1275 2123 1471 2190 contrahere
1493 2145 1566 2211 pos-

319 2217 408 2277 sunt.
432 2210 644 2298 Impuberum
668 2213 798 2278 nominc
820 2211 905 2278 inita
935 2212 1120 2300 impuberes
1150 2213 1193 2280 ad
1214 2211 1468 2293 Matrimonium
1492 2233 1563 2278 con·

320 2298 518 2365 trahendum
541 2298 630 2364 haud
653 2299 813 2384 obligant,
844 2300 918 2381 nisi,
952 2305 1128 2388 postquam
1151 2305 1192 2367 ad
1216 2300 1428 2388 pubertatem
1451 2321 1562 2388 parve·

323 2388 444 2467 nerint,
468 2393 544 2452 rata
567 2385 679 2453 eadem
708 2386 895 2454 habuerint.

415 2477 442 2560 ἓ.
466 2475 497 2540 4.
520 2474 705 2562 sponsalia,
730 2476 810 2541 licet
829 2475 1047 2564 jurejurando
1071 2476 1205 2544 firmata
1227 2476 1306 2556 sint,
1323 2480 1440 2542 mutuo
1454 2481 1578 2540 tamen'

176 2613 183 2628 .
266 2641 268 2650 Ι
321 2585 483 2631 consensu
506 2562 644 2628 dissolvi
677 2571 828 2650 possunt.

418 2655 513 2718 Nota.
538 2650 658 2718 Graeci
680 2649 810 2735 quidem
834 2651 1051 2739 Sponsalibus
1074 2672 1133 2737 per
1156 2649 1368 2724 Sacerdotem
1379 2649 1564 2716 benedictis

320 2738 495 2805 maximam
518 2739 679 2804 virtutem
703 2746 915 2827 mutuamque
944 2739 1179 2824 obligationem
1211 2738 1376 2804 tribuunt.
1403 2736 1516 2820 Quare
1531 2735 1564 2803 S.

319 2827 463 2894 Basilius
485 2849 544 2913 per
566 2825 741 2914 quamdam
764 2827 952 2912 analogiam
984 2826 1116 2893 Oenone
1141 2825 1192 2894 69.
1217 2826 1343 2911 inquit:
1372 2825 1458 2907 ,Qui
1481 2825 1564 2890 talia

320 2914 488 2982 contraxit
533 2913 702 3001 sponsalia
724 2915 754 2979 si
778 2914 876 2979 aliam
912 2915 1022 2994 ducat,
1047 2920 1106 2981 aut
1130 2914 1160 2980 si
1183 2935 1222 2980 sa
1244 2917 1344 2979 alteri
1368 2915 1485 2993 nubat,
1510 2912 1563 2978 vel

319 3025 484 3087 unapars
507 3001 698 3082 fornicetur,
731 3005 844 3090 poenis
868 3002 1026 3069 adulterii
1058 3003 1287 3088 subjiciatur.‘
1314 3001 1431 3069 Canon
1454 3009 1563 3066 autem

319 3091 370 3156 98.
395 3089 536 3160 Concilii
559 3089 712 3157 Trullani
735 3091 881 3157 statuit:
910 3091 994 3173 ,Qui
1018 3089 1116 3156 alteri
1129 3091 1366 3178 desponsatam
1391 3089 1564 3154 mulierem

318 3201 356 3244 eo
380 3179 487 3245 adhuc
509 3179 588 3243 vivo
612 3179 667 3246 cui
689 3178 890 3266 desponsata
914 3191 975 3258 est,
992 3180 1026 3245 in
1041 3179 1233 3266 nuptiarum
1248 3175 1343 3243 ducit
1358 3177 1562 3256 societatem,

318 3267 473 3334 adulterii
498 3266 626 3332 crimini
649 3267 874 3354 subjiciatur‘
917 3267 996 3333 Etsi
1020 3269 1107 3334 enim
1130 3289 1195 3333 non
1219 3287 1334 3331 revera
1360 3287 1398 3331 ac
1420 3265 1563 3353 proprie,

317 3364 429 3422 tamen
451 3377 512 3442 per
534 3355 708 3444 quamdam
754 3356 1006 3421 similitudinem
1051 3378 1128 3421 reus
1159 3354 1213 3420 vel
1238 3375 1294 3420 rea
1318 3353 1477 3420 adulterii
1499 3375 1562 3418 non

316 3445 479 3510 immerito
526 3450 687 3524 censetur,
720 3447 775 3531 qui
812 3443 909 3510 fidem
943 3443 1147 3531 sponsalium
1192 3440 1318 3508 violare
1350 3463 1414 3506 non
1439 3441 1562 3508 timuit.

317 3531 471 3599 Ceterum
493 3540 616 3618 putant
659 3531 813 3597 nonnulli
836 3532 950 3598 allatis
984 3531 1174 3598 Canonibus
1221 3552 1403 3596 sermonem
1427 3527 1498 3596 fieri
1524 3529 1563 3594 de

316 3621 527 3708 sponsalibus
549 3619 590 3685 de
613 3618 792 3706 praesenti,
807 3642 922 3708 nempe
945 3618 985 3685 de
1010 3619 1219 3686 matrimonio
1240 3640 1304 3682 non
1324 3626 1560 3696 consummato,

316 3732 420 3798 neque
443 3708 484 3774 ab
508 3706 868 3794 hacinterpretatione
913 3709 1094 3773 abhorrent
1126 3707 1304 3771 Balsamon
1338 3710 1373 3770 et
1405 3703 1561 3786 Zonaras,

315 3799 437 3886 quippe
460 3795 517 3880 qui
540 3795 771 3861 Beatissimam
795 3794 968 3883 Virginem
992 3796 1095 3862 fuisse
1118 3816 1272 3883 sponsam
1296 3792 1328 3858 S:
1353 3790 1498 3880 Joaepbi
1519 3793 1561 3858 ad

316 3896 457 3952 mentem
481 3881 624 3950 Canonis
647 3895 812 3965 asserunt,
837 3907 911 3951 cum
941 3884 1075 3949 aliunde
1105 3890 1234 3949 constet
1267 3903 1338 3946 eam
1362 3881 1467 3948 fuisse
1491 3904 1563 3948 con·

313 3975 546 4062 junctamper
568 3971 737 4058 sponsalia
770 3973 809 4038 de
839 3975 1015 4059 praesenti.

410 4060 497 4143 Quia
520 4081 598 4124 vero
623 4058 772 4126 Oenones
795 4063 949 4126 recensiti
974 4059 1014 4125 de
1038 4058 1248 4147 sponsalibus
1266 4078 1325 4143 per
1349 4056 1561 4123 Sacerdotem

313 4149 507 4227 benedictis,
532 4169 590 4211 seu
613 4148 662 4213 uti
687 4148 875 4214 Orientales
900 4148 1024 4229 dicunt,
1070 4151 1265 4213 interventu
1289 4145 1355 4210 Dei
1377 4147 1487 4232 pactis
1511 4167 1559 4210 so-

312 4247 405 4318 nant,
429 4238 490 4303 hoc
513 4257 592 4302 uero
617 4245 762 4324 tempore
785 4237 882 4324 juxta
904 4235 1111 4321 Euchologia
1146 4234 1347 4302 Graecorum
1372 4233 1560 4300 benedictio

313 4328 514 4414 sponsalium
559 4325 747 4391 immediate
781 4336 860 4390 ante
893 4337 1003 4390 actum
1035 4323 1257 4411 copulationis
1288 4343 1483 4410 sponsorum
1506 4341 1561 4408 pe·

312 4416 454 4502 rigitur,
479 4414 611 4478 evenire
637 4413 692 4479 vix
713 4421 837 4500 potest,
862 4423 902 4480 ut
924 4413 1008 4478 talia
1032 4411 1202 4500 sponsalia
1214 4407 1471 4495 rescindantur,
1495 4429 1561 4475 non

313 4554 518 4570 ·--—-·r-

388 4592 405 4663 ¹)
426 4590 540 4647 Concilii
558 4589 712 4646 Florentini
730 4590 851 4662 speciale
888 4589 1029 4644 decretum
1049 4590 1093 4644 ad
1122 4589 1273 4644 Armenes:
1306 4585 1485 4642 Declaramus
1503 4603 1563 4640 nou

312 4668 402 4722 solum
421 4663 556 4719 secundas
575 4663 694 4732 nuptias,
714 4663 810 4718 sedet
829 4661 924 4718 tertias
945 4666 972 4717 et
991 4667 1104 4732 quartas
1125 4665 1152 4716 et
1168 4660 1322 4726 ulteriores,
1332 4657 1408 4714 licite
1425 4658 1563 4726 contrahi,

311 4738 366 4794 nisi
384 4737 499 4806 aliquod
516 4734 747 4806 impedimentum
775 4736 874 4791 obstet.
