3426 5368
799 294 1021 440 „aa--

263 559 439 648 spirituals
462 561 663 624 nominatur.
711 558 763 624 Ex
787 579 887 624 causa
925 563 1035 624 tamen
1061 555 1219 638 adulterii
1242 555 1429 644 spiritualis
1452 579 1530 645 per·

266 651 367 735 petua
395 649 570 734 separatio,
595 646 649 734 (ex
671 649 768 712 unica
792 653 826 713 et
849 646 920 712 sola
945 667 1045 712 causa
1069 643 1227 710 adulterii
1257 645 1440 732 corporalis
1464 668 1529 734 per

267 734 472 801 salvatorem
496 735 673 825 permissa)
699 757 763 801 non
810 735 950 818 obtinet,
999 732 1057 803 sed
1078 731 1185 798 solum
1208 733 1375 820 separatio
1399 737 1529 822 tempo·

267 823 358 904 ralis,
383 845 466 913 quae
490 829 644 889 cessante
668 844 767 889 causa
792 824 919 910 pariter
943 844 1072 889 cessare
1097 820 1218 906 debet;
1259 826 1412 888 cessante
1436 823 1527 908 peri-

269 910 342 978 culo
388 913 621 999 perversionis‚
669 910 825 998 conjuges
872 910 1048 998 conjugale
1094 911 1296 975 consortium
1343 913 1528 977 restituere

272 998 404 1066 debent.

268 1182 303 1276 §.
332 1177 427 1260 237.
468 1178 620 1259 Modus
660 1176 926 1279 procedendi
967 1175 1014 1255 in
1055 1174 1198 1256 causis
1227 1173 1530 1278 separationis

401 1305 405 1312 ’
548 1306 727 1407 propter
755 1303 985 1384 saevitiam
1024 1300 1238 1406 conjugis.

362 1449 531 1538 Conjuges
555 1449 597 1514 ad
622 1453 709 1515 vitae
748 1449 952 1522 consortium
987 1453 1124 1514 eatenus
1155 1452 1288 1512 tantum
1315 1447 1529 1533 obligantur,

266 1543 431 1626 quatenus
455 1539 487 1603 id
507 1538 630 1624 absque
646 1537 784 1617 animae,
804 1541 901 1618 vitae,
927 1536 979 1602 vel
994 1535 1151 1602 sanitatis
1164 1535 1312 1622 periculo
1326 1535 1532 1602 continuare

264 1631 416 1715 possunt.
442 1629 483 1712 (ἕ.
509 1626 582 1691 208.
607 1626 724 1711 lustr.)
748 1625 923 1711 integrum
947 1629 998 1690 est
1022 1623 1097 1689 ideo
1123 1623 1256 1710 conjugi
1278 1626 1530 1711 separationem

265 1718 379 1804 petere
404 1715 444 1782 ob
468 1717 638 1780 saevitiem
677 1719 817 1796 tantam,
852 1719 893 1779 ut
928 1713 1052 1800 absque
1098 1711 1213 1798 gravis
1237 1710 1348 1777 damni
1372 1713 1528 1799 periculo

265 1825 331 1868 non
354 1805 461 1890 possit
485 1825 557 1868 cum
583 1802 638 1866 illo
664 1801 826 1882 habitare,
851 1801 954 1867 donec
978 1800 1097 1887 conjux
1122 1801 1275 1867 saeviens
1298 1799 1527 1867 sufficientem

267 1891 461 1958 securitatis
485 1892 669 1956 cautionem
694 1912 753 1978 per
786 1893 935 1977 pignora,
983 1888 1196 1974 fidejussores
1218 1887 1273 1954 vel
1297 1888 1530 1977 juramentum

266 1983 427 2067 praestet,
452 1979 481 2046 si
505 1987 616 2044 tamen
640 1977 703 2044 tali
736 1979 882 2044 cautioni
913 1977 995 2042 fides
1029 1977 1101 2042 dari
1124 1980 1237 2063 possit,
1261 1982 1300 2042 ut
1319 1998 1414 2043 omne
1439 1977 1530 2064 peri·

267 2067 379 2134 oulum
402 2089 462 2155 pro
486 2066 601 2133 futuro
626 2087 779 2132 aversum
804 2067 859 2133 sit.
884 2065 1038 2132 Summus
1065 2064 1191 2151 gradus
1204 2065 1355 2131 saevitiei
1368 2071 1421 2131 ast
1433 2068 1530 2132 vitae

271 2155 412 2222 alterius
458 2155 611 2242 conjugis
656 2153 836 2234 insidiati0,
872 2175 931 2220 seu
954 2159 1124 2220 tentamen
1150 2175 1276 2220 veneno
1300 2152 1354 2219 vel
1378 2153 1447 2219 alia
1473 2153 1531 2221 via

267 2244 410 2310 alterum
435 2244 610 2330 conjugem
634 2242 833 2330 perimendi
865 2242 919 2308 An
953 2243 1139 2309 verberatio
1162 2241 1333 2307 sufficiens
1357 2244 1402 2306 sit
1425 2264 1531 2308 causa

268 2335 499 2419 separationis,-
521 2356 540 2395 a
563 2331 822 2397 circumstantiis
843 2330 1023 2418 dependam
1048 2331 1119 2396 sola
1137 2329 1324 2396 verberatio
1340 2331 1530 2418 praeterita

268 2421 392 2506 justam
415 2419 635 2508 separationis
659 2426 693 2484 et
717 2419 881 2485 cautionis
908 2419 1071 2505 petendae
1102 2441 1233 2484 causam
1270 2441 1335 2484 non
1358 2425 1527 2505 praestat,

268 2508 327 2574 sed
350 2508 534 2596 requiritur
557 2510 654 2572 etiam
679 2509 779 2572 timor
813 2507 975 2574 fundatus
1010 2507 1144 2572 futurae
1173 2506 1278 2572 malae
1302 2510 1526 2574 tractationis.

267 2597 430 2663 Emente
453 2595 627 2660 Benedicti
671 2595 766 2663 XIV.
803 2596 831 2660 si
872 2595 1012 2661 maritus
1047 2597 1198 2682 graviter
1229 2601 1359 2661 etcum
1385 2617 1529 2662 excessu

267 2707 404 2751 uxorem
430 2683 625 2750 verberibus
643 2706 739 2771 saepe
765 2683 933 2770 corripiat,
980 2684 1062 2771 ipsa,
1098 2705 1181 2773 quae
1209 2684 1337 2749 ratione
1360 2683 1528 2770 simplicis

268 2773 481 2859 loquacitatis
506 2793 568 2836 non
592 2772 731 2858 praebet
744 2772 863 2837 marito
874 2772 1107 2839 rationabilem
1120 2795 1249 2838 causam
1274 2793 1344 2838 eam
1368 2772 1529 2858 graviter

270 2861 467 2928 verberibus
491 2859 701 2946 corripiendi,
721 2859 777 2945 jus
800 2860 900 2925 habet
923 2861 1165 2947 separationem
1189 2883 1208 2925 a
1230 2860 1351 2926 marito
1375 2860 1527 2946 petendi.

268 2951 305 3017 Si
352 2971 431 3016 vero
467 2948 606 3012 maritus
641 2947 764 3013 leviter
791 2953 923 3014 tantum
956 2971 1027 3014 eam
1072 2950 1236 3029 verberet,
1269 2954 1369 3036 prout
1407 2947 1528 3016 habita

269 3038 401 3104 ratione
423 3057 593 3124 personae,
619 3036 818 3102 conditionis
842 3043 876 3103 et
900 3042 1010 3103 status
1033 3037 1069 3102 id
1090 3037 1219 3125 judicat
1240 3059 1300 3124 pro
1325 3036 1397 3124 ejus
1417 3058 1529 3104 emen-

269 3128 403 3193 datione
426 3130 658 3214 opportunum,
682 3147 767 3191 uxor
789 3148 854 3191 non
887 3125 988 3191 habet
1017 3126 1072 3214 jus
1102 3124 1322 3213 separationis
1346 3147 1365 3190 a
1390 3127 1527 3208 marito,

269 3239 341 3282 oum
367 3214 546 3301 idemjure
565 3214 672 3301 possit
704 3237 838 3280 uxorem
870 3216 998 3280 ratione
1037 3213 1161 3280 nimiae
1184 3212 1399 3301 loquacitatis
1423 3216 1529 3280 etiam

269 3303 448 3370 moderatis
495 3302 688 3368 verberibus
734 3305 906 3387 castigare.
954 3302 1034 3369 ldeo
1080 3301 1253 3369 discedens
1289 3303 1458 3368 amarito
1483 3304 1529 3370 ad

269 3391 471 3458 redeundum
495 3389 721 3477 compellenda
745 3398 806 3457 est.
830 3391 881 3456 Eo
906 3395 1012 3456 minus
1036 3397 1147 3456 autem
1172 3391 1279 3456 minae
1300 3389 1528 3458 sufficientem

270 3479 491 3568 separationis
531 3479 694 3566 petendae
725 3501 856 3545 causam
891 3480 1112 3558 constituunt,
1151 3479 1215 3564 uisi
1251 3481 1377 3544 minans
1401 3478 1528 3546 solitus

270 3569 316 3634 sit
339 3590 395 3634 eas
419 3570 536 3655 exequi
572 3567 750 3656 (dependet
763 3568 877 3655 itaque
892 3590 946 3634 res
966 3568 1007 3632 ab
1025 3566 1165 3634 arbitrio
1174 3566 1296 3655 judicis
1313 3566 1528 3634 considerato

269 3656 429 3723 minantis
452 3655 585 3742 ingenio
609 3662 643 3721 et
667 3656 942 3732 minandimodol.
967 3655 1220 3722 Observandum
1241 3677 1339 3743 porro
1360 3660 1421 3735 est,
1436 3657 1528 3743 quod

269 3767 336 3811 non
359 3750 492 3810 tautum
516 3743 660 3810 saevitia
694 3743 769 3826 viri,
795 3745 852 3811 sed
887 3745 987 3811 etiam
1011 3749 1187 3832 parentum
1222 3744 1298 3824 viri,
1320 3744 1448 3830 justam
1472 3767 1527 3832 pe·

270 3831 391 3900 tendae
436 3831 669 3920 separationis,
694 3840 754 3898 aut
778 3833 941 3900 cautionis
989 3854 1120 3898 causam
1158 3832 1353 3898 constituat.
1400 3830 1528 3898 Utrum

270 3928 383 3988 autem
407 3921 598 3988 verberatio
621 3927 681 3986 aut
705 3921 863 3988 saevities
908 3922 1015 3988 fuerit
1047 3920 1172 4006 gravis,
1211 3941 1295 4007 quae
1319 3922 1418 3986 etiam
1442 3925 1529 3988 tuna

270 4032 403 4077 oausam
427 4009 649 4098 separationis
673 4009 860 4092 constituit,
886 4011 915 4076 si
939 4031 1020 4075 uxor
1044 4029 1103 4096 per
1129 4007 1332 4075 adulterium
1357 4030 1427 4074 eam
1476 4031 1528 4075 ro-

271 4104 432 4180 vooasset,
457 4103 556 4188 atque
579 4097 719 4164 fundate
742 4120 840 4185 porro
866 4119 996 4186 quoque
1029 4095 1217 4177 metuenda,
1249 4119 1308 4181 per
1329 4032 1528 4182 judicialem

271 4208 390 4254 causae
414 4187 635 4272 cognitionem
662 4187 874 4253 determinari
911 4187 1018 4265 debet,
1043 4185 1086 4251 ad
1109 4185 1197 4274 quod
1232 4184 1526 4252 determinandum

270 4299 335 4342 non
359 4275 484 4341 sufficit
509 4276 655 4362 allegare
678 4275 841 4357 timorem,
866 4280 926 4340 aut
950 4275 1052 4342 etiarn
1072 4273 1207 4359 ⁸iurare3
1233 4296 1310 4338 nam
1334 4273 1528 4340 nousolnm

270 4367 380 4442 timor,
414 4363 473 4430 sed
500 4364 595 4452 justa
627 4363 726 4431 etiam
761 4363 892 4431 timoris
918 4385 1017 4430 causa
1052 4366 1104 4428 est
1126 4362 1308 4450 probanda,
1333 4365 1367 4429 et
1392 4360 1530 4449 quidem

271 4451 417 4520 testibus
442 4454 529 4518 omni
553 4453 746 4539 exceptione
781 4451 975 4537 ma'oribus,
1008 4451 1070 4516 nisi
1099 4449 1271 4518 evidenter
1295 4471 1395 4516 causa
1418 4472 1477 4516 sus
1505 4454 1529 4517 i·

271 4543 374 4608 oiouis
397 4541 527 4607 timoris
550 4547 663 4629 pateat
689 4543 797 4626 (utin
821 4477 899 4607 dan.
935 4539 975 4606 de
999 4539 1168 4606 Benedict.
1193 4538 1229 4606 C.
1254 4537 1306 4604 32.
1330 4560 1385 4624 qu.
1410 4538 1458 4628 ὅ.)
1478 4473 1529 4606 ln

271 4651 351 4696 casu
374 4635 507 4696 tantum
531 4630 608 4696 dum
632 4635 684 4695 est
708 4629 889 4716 pericnlum
913 4631 946 4694 in
971 4649 1070 4708 mora,
1103 4628 1157 4694 vel
1181 4649 1247 4693 non
1272 4631 1323 4693 est
1347 4625 1459 4694 facilis
1483 4627 1530 4695 ad

269 4717 411 4804 judicem
460 4739 612 4783 accessus
648 4722 726 4782 ante
759 4716 950 4801 judicialem
997 4736 1114 4783 causae
1160 4717 1379 4802 cognitionem
1412 4719 1531 4802 potest
