3476 5366
822 384 1025 490 „ru-

290 629 484 695 quecunque
508 606 678 672 violentie.
729 606 886 687 ,Euuteq
910 606 1022 694 inquit
1061 604 1218 672 Christus
1264 606 1437 697 discipulis
1461 611 1542 694 suis,

291 697 406 761 docete
452 716 563 761 omues
586 701 713 780 gentes,
737 693 928 781 praedicate
972 693 1197 778 Evangelium
1232 695 1320 760 omni
1359 704 1542 766 creaturae.

288 782 463 850 Intrantes
485 781 521 849 iu
545 781 719 848 civitatem
742 781 864 848 dicite:
889 803 955 868 pax
977 781 1055 848 huic
1086 780 1207 861 domui,
1232 784 1261 848 si
1283 804 1344 848 vos
1366 805 1431 851 non
1455 808 1543 853 rece-

314 870 412 951 erint,
437 871 647 936 excutientes
670 868 840 957 pulverem
866 868 907 934 de
929 869 1070 956 pedibus
1094 870 1218 935 vestris
1240 869 1333 936 itein
1357 872 1486 940 aliam‘.
1507 874 1540 941 S.

289 893 473 1044 drogonus
496 958 542 1023 Μ.
565 957 668 1023 Libro
690 957 737 1023 11.
761 955 917 1044 Epistola
949 957 1001 1022 52.
1035 957 1079 1022 ad
1102 955 1267 1024 Joannem
1296 957 1541 1048 Hierosolymi-

288 1051 406 1111 tanum
453 1045 603 1112 dicebat:
654 1044 769 1125 ,Nova
793 1051 827 1110 et
850 1043 1005 1110 inaudita
1040 1050 1092 1110 est
1130 1046 1196 1110 ista
1218 1045 1433 1133 praedicatio,
1457 1071 1542 1137 quae

289 1134 460 1200 coactione
486 1133 537 1200 vel
563 1133 756 1199 verberibus
790 1132 892 1218 exigit
922 1132 1049 1198 fidem.“
1087 1131 1222 1199 Pariter
1259 1133 1352 1200 fraus
1376 1142 1410 1202 et
1433 1136 1540 1218 dolus,

288 1220 488 1300 adsentatio,
513 1221 693 1308 corruptio,
718 1225 778 1287 aut
801 1219 927 1285 similes
950 1242 1074 1308 pravae
1097 1226 1188 1286 artes
1211 1225 1291 1287 sunt
1302 1221 1416 1311 inepta
1432 1225 1541 1292 media

287 1308 491 1396 impetrandi
514 1308 679 1376 sincerum
725 1306 930 1387 intellectus,
976 1308 1144 1396 animique
1177 1329 1371 1375 consensum
1402 1312 1542 1380 veritati

286 1394 535 1484 praestandum,
559 1396 710 1484 nihilque
734 1393 827 1462 aliud
862 1394 1052 1483 producunt
1083 1417 1180 1484 quam
1205 1396 1227 1462 h
1253 1397 1418 1484 pocrisim,
1443 1407 1478 1466 et
1500 1403 1541 1466 si·

285 1483 449 1550 muletam
486 1482 595 1565 fidem,
634 1506 719 1572 quac
756 1482 823 1571 legi
846 1482 965 1550 morali
1000 1485 1177 1564 contraria,¹
1221 1419 1347 1572 deique
1369 1486 1541 1556 Ecclesiae

285 1591 422 1659 prorsus
445 1571 587 1638 adversa
611 1575 703 1657 est.¹)
1115 1585 1121 1594 “

284 1752 320 1846 §-
352 1747 448 1829 196.
478 1747 692 1832 Catholici
718 1751 866 1830 tamen
892 1747 1149 1852 obligantur
1185 1747 1432 1834 dilectionis
1469 1751 1539 1835 Of·

284 1872 385 1956 ficia
403 1896 509 1977 erga
525 1874 713 1956 aliarum
730 1874 1058 1958 Confessionum
1075 1873 1263 1956 asseclas
1285 1876 1537 1981 adimplere.

378 2018 485 2087 Aliud
507 2018 765 2108 praedicationis
786 2042 893 2106 genus
916 2019 959 2086 ad
983 2017 1160 2085 lucrandos
1183 2041 1248 2100 eos,
1273 2021 1331 2108 qui
1353 2023 1456 2091 afide'
1478 2047 1534 2092 no·

283 2112 355 2176 stra
378 2108 477 2174 alieni
500 2116 589 2190 sunt,
615 2124 667 2174 est
690 2107 867 2175 charitatis
891 2107 1092 2175 christianae
1116 2127 1195 2193 arga
1226 2129 1337 2174 omnes
1382 2111 1533 2182 homines

282 2203 322 2262 ut
344 2199 509 2285 proximos
533 2196 757 2282 contestatio;
781 2198 838 2261 ubi
861 2196 947 2262 enim
972 2194 1118 2262 charitas
1142 2194 1301 2277 abundat,
1326 2197 1373 2262 ibi
1396 2205 1429 2265 et
1453 2221 1537 2268 vera

281 2283 364 2350 fides
388 2291 449 2349 est.
474 2282 561 2350 Saue
583 2283 838 2350 innumerabilia
862 2283 1011 2370 exempla
1033 2283 1070 2348 in
1093 2283 1235 2349 historia
1258 2292 1413 2372 prostant
1459 2310 1535 2355 eon·

282 2372 471 2438 versionum
494 2393 553 2458 par
576 2394 676 2459 opera
699 2371 875 2438 charitatis
898 2371 1132 2459 perfectarum,
1156 2370 1277 2459 quibus
1291 2372 1418 2440 alienos
1432 2397 1452 2440 a
1467 2376 1535 2445 fide

281 2468 396 2526 nostra
419 2459 515 2526 nobis
538 2458 689 2526 addictos
712 2459 890 2539 reddimus,
915 2459 1028 2547 sicque
1051 2459 1191 2524 obtenta
1236 2479 1348 2526 eorum
1394 2462 1534 2531 benevo·

279 2547 386 2613 lautia
409 2548 482 2635 ipsa
496 2546 708 2635 ¹praedicatio
733 2547 879 2614 verbalis
902 2547 1037 2614 facilius
1053 2546 1095 2611 in
1119 2567 1232 2613 eorum
1256 2546 1531 2700 eordapenetrat.

279 2634 357 2724 Ipse
381 2635 538 2702 Salvator
559 2633 662 2701 Jesus
685 2635 840 2702 Christus
863 2635 984 2720 quibus
1006 2633 1215 2722 praedicavit
1237 2634 1363 2702 miracu
1379 2658 1433 2705 ose
1479 2639 1534 2708 be·

279 2723 415 2803 defecit,
440 2723 608 2792 saturavit
631 2722 883 2789 multitudinem
907 2724 942 2787 in
966 2723 1106 2802 deserto,
1133 2721 1206 2788 dein
1230 2722 1438 2810 praedicavit
1461 2728 1532 2794 eis:

284 2811 465 2899 ,quaeritis
489 2832 541 2876 me
563 2812 621 2890 ait,
646 2810 725 2898 quia
748 2810 894 2876 saturati
918 2809 1011 2890 estis,
1034 2810 1137 2875 alium
1160 2832 1278 2896 panem
1302 2810 1386 2878 dabo
1403 2814 1529 2882 vobis·

278 2899 449 2985 Imprimis
473 2903 584 2964 autem
608 2898 766 2964 discretio
789 2899 824 2964 in
848 2896 1071 2983 dijudicandis
1095 2919 1114 2962 a
1137 2897 1203 2963 fide
1226 2920 1308 2965 vera
1334 2900 1453 2968 alienis
1475 2926 1532 2971 ue·

278 2985 422 3053 cessaria
446 2992 521 3069 est;
545 3008 686 3073 namque
709 2985 873 3052 nativitas
897 2992 932 3052 et
954 2985 1167 3073 praejudicia,
1192 2986 1315 3073 quibus
1337 3010 1402 3053 uon
1416 3012 1530 3059 omnes

278 3097 313 3140 se
336 3074 489 3161 expedire
512 3075 633 3156 sciunt,
657 3095 757 3140 causa
780 3093 877 3161 saepe
900 3080 989 3154 suut,
1014 3073 1101 3161 quod
1131 3077 1164 3139 in
1211 3095 1322 3141 errore
1358 3076 1528 3161 haereant,

277 3163 388 3252 parati
412 3161 627 3228 condemnare
650 3161 686 3228 id
710 3161 798 3250 quod
821 3168 948 3241 tenent,
973 3161 1068 3227 modo
1093 3166 1205 3244 essent
1228 3161 1268 3227 de
1287 3162 1359 3249 ejus
1375 3163 1529 3234 falsitate

277 3250 431 3316 convicti.
455 3249 556 3338 Apud
580 3273 638 3315 nos
661 3249 821 3316 haeretici
844 3258 933 3331 sunt,
958 3248 1047 3338 apud
1070 3271 1105 3316 se
1129 3271 1194 3314 non
1218 3257 1323 3333 sunt;
1369 3274 1444 3318 nam
1491 3255 1529 3322 in

276 3343 408 3403 tantum
432 3338 633 3404 orthodoxos
655 3360 691 3404 se
714 3359 786 3404 esse
804 3337 969 3424 judicant,
993 3344 1032 3404 ut
1056 3360 1114 3403 nos
1137 3340 1208 3424 ipso
1221 3337 1325 3405 titolo
1338 3338 1529 3410 haereticae

276 3426 512 3514 appellationis
534 3425 707 3493 infament.
731 3425 926 3492 Instruendi
949 3430 1062 3511 itaque
1085 3437 1164 3490 sunt
1188 3426 1284 3492 omni,
1300 3427 1466 3514 patientia
1489 3439 1528 3498 et

276 3513 438 3594 doctrina,
461 3513 614 3603 omnique
637 3515 789 3582 caritatis
812 3512 925 3580 studio
948 3511 1178 3603 prosequendi,
1191 3519 1231 3579 ut
1242 3515 1376 3580 tandem
1388 3517 1528 3602 cognita

276 3623 349 3668 cum
371 3601 433 3668 Dei
456 3601 624 3689 adjutorio
648 3603 802 3682 veritate,
827 3602 869 3667 ad
893 3624 1005 3669 veram
1028 3601 1212 3670 Ecclesiam
1256 3601 1373 3670 redire
1402 3626 1441 3670 ao
1463 3629 1527 3695 per

275 3711 346 3756 eam
370 3695 539 3757 aeternam
562 3690 803 3757 beatitudinem
827 3690 997 3758 nobiscum
1021 3688 1174 3774 consequi
1203 3688 1348 3757 valeant.

351 3914 368 3983 ¹)
387 3913 456 3970 Vide
476 3911 589 3968 Cherier
606 3913 655 3968 Jus
673 3913 744 3968 Eccl.
763 3930 824 3985 pag.
844 3914 869 3968 3.
890 3917 918 3968 et
936 3913 979 3968 62.
991 3912 1068 3969 Tem.
1090 3911 1116 3966 1.
