3426 5368
843 379 1039 484 nn

316 593 504 682 hujusmodi
549 593 714 677 obvietur,
738 617 799 662 nec
831 618 898 663 non
929 596 1035 685 quieti
1069 600 1224 685 ipsorum,
1257 599 1358 681 atquo
1380 596 1577 662 animarum

316 680 543 761 consolationi,
577 681 614 747 in
647 682 837 770 praemissis
860 689 1046 772 opportune
1064 684 1268 764 consulatur,
1298 683 1400 750 Ritus
1435 703 1577 772 quoque

317 776 352 836 et
374 767 606 837 observantiae
639 771 674 835 in
712 792 824 838 eorum
870 772 1027 851 ecclesiis,
1059 777 1094 840 et
1117 772 1204 853 alibi,
1249 772 1349 860 juxta
1394 772 1577 859 antiquam

315 857 461 947 ipsorum
485 858 756 944 consuetudinem
780 865 1038 945 conserventur3
1064 868 1156 927 motu
1178 859 1323 949 proprio,
1348 881 1413 925 non
1438 859 1483 926 ad
1510 858 1574 925 ali·

317 947 410 1033 cujus
443 944 537 1013 nobis
568 967 669 1034 super
707 947 769 1015 hoc
802 947 936 1015 oblatae
979 949 1154 1036 petitionis
1199 947 1409 1027 instantiam,
1444 947 1507 1014 sed
1534 945 1576 1012 de

316 1039 431 1101 nostra
453 1034 666 1116 liberalitate,
692 1040 726 1102 et
750 1057 790 1102 ex
806 1041 897 1102 certa
916 1036 1056 1103 scientia
1071 1042 1197 1118 nostra,
1222 1057 1261 1102 ac
1283 1035 1325 1103 de
1348 1035 1577 1124 Apostolicae

314 1121 496 1211 potestatis
517 1121 736 1210 plenitudine,
761 1123 862 1191 dictis
886 1124 1033 1206 Graecis,
1067 1132 1138 1193 tam
1165 1124 1342 1206 Praelatio,
1367 1145 1467 1211 quam
1494 1123 1576 1189 aliis

315 1209 464 1297 personis
494 1209 641 1278 nationis
685 1210 833 1280 Graecae
855 1221 890 1279 st
913 1234 1025 1280 eorum
1048 1212 1197 1294 cuilibet,
1232 1218 1406 1279 uteorum
1431 1211 1574 1291 ritibus,

315 1304 351 1364 et
385 1297 617 1379 observantiis,
652 1300 722 1367 sive
757 1300 1064 1383 consuetudinibus,
1102 1308 1141 1368 ut
1175 1299 1406 1388 praemittitur
1442 1299 1510 1386 uti,
1534 1321 1571 1366 ac

314 1386 402 1467 illos,
426 1392 461 1454 et
482 1384 561 1454 illas
585 1386 772 1468 observare,
805 1390 989 1477 missasque
1022 1398 1058 1457 ct
1091 1388 1159 1456 alia
1182 1388 1299 1456 divina
1322 1387 1433 1456 officia
1456 1409 1574 1454 secun·

232 1561 234 1565 ι
316 1473 393 1540 dum
418 1495 530 1541 eorum
554 1475 826 1544 consuetudinem
850 1476 1018 1544 celebrare
1043 1516 1081 1528 ·-
1097 1477 1237 1565 possint,
1250 1481 1344 1543 motu
1367 1481 1402 1542 et
1425 1475 1575 1543 scientia

315 1563 490 1645 similibus,
535 1568 654 1630 tenore
698 1561 924 1652 praesentium
947 1565 1163 1646 concedimus,
1196 1571 1231 1631 et
1262 1563 1489 1651 indulgemus.
1526 1561 1577 1629 Et

315 1652 461 1739 insuper,
486 1650 573 1736 quod
596 1651 709 1728 nullus
742 1652 1032 1742 Arobiepisoopus,
1078 1653 1329 1743 Episcopusque
1364 1651 1572 1733 ordinarius,

316 1739 452 1806 clericos
475 1739 630 1820 Graecos,
655 1740 698 1806 ad
720 1741 941 1808 sacerdotium
971 1763 1165 1830 promovere
1200 1741 1332 1821 audeat,
1356 1762 1395 1806 ac
1418 1739 1511 1828 quod
1535 1740 1573 1806 in

314 1827 475 1909 Dioccesi,
500 1828 558 1894 ubi
580 1827 695 1896 Latini
719 1835 754 1896 et
777 1821 896 1898 G'raeci
922 1829 1125 1912 cohabitant,
1151 1835 1185 1897 et
1209 1830 1315 1895 selum
1338 1828 1575 1916 Archiepiscc·

315 1939 402 2005 pum,
448 1919 519 1983 sive
563 1915 763 2005 Episcopum
808 1917 969 1984 Latinum
1002 1917 1220 1985 ¹ordinarium
1266 1917 1409 1997 habent,
1456 1918 1574 1983 dictus

314 2004 531 2093 Archiepisco
556 2026 596 2070 us
618 2005 689 2071 sive
713 2001 898 2093 Episcopus
922 2001 1008 2073 circa
1044 2007 1180 2094 negotia
1204 2010 1238 2072 et
1261 2027 1379 2072 causas
1403 2003 1574 2072 dictorum

315 2093 517 2162 Graecorum
529 2027 701 2160 l'icarium
720 2093 884 2162 Graecum
908 2097 955 2160 eis
978 2101 1122 2181 gratum,
1147 2093 1201 2159 vel
1224 2115 1284 2182 per
1306 2093 1397 2182 ipsos
1420 2091 1574 2161 Graecos

315 2180 514 2267 eligendum,
546 2203 586 2251 ex
614 2202 678 2268 quo
714 2181 767 2249 vir
801 2181 950 2250 Graecus
983 2183 1103 2250 melius
1142 2181 1288 2250 Graecos
1319 2203 1425 2247 mores
1460 2181 1572 2261 novit,

315 2292 414 2358 quam
437 2269 589 2349 Latinus,
613 2291 727 2336 eorum
758 2270 925 2356 stipendio
949 2277 984 2338 et
1006 2271 1129 2337 salario
1158 2269 1369 2336 retinendum
1394 2269 1570 2356 deputare,

337 2357 468 2444 uodque
499 2359 532 2422 in
566 2357 675 2424 causis
720 2358 957 2446 appellationis
999 2359 1041 2424 ad
1076 2359 1378 2446 metropolitanum,
1415 2360 1444 2423 si
1479 2357 1573 2423 forte

315 2381 464 2514 Sraecus
498 2467 564 2512 non
599 2455 697 2527 esset,
734 2447 843 2512 dictus
880 2447 1168 2536 metropolitanus,
1213 2447 1369 2512 similiter
1398 2448 1432 2510 in
1467 2444 1572 2512 dictis

314 2534 433 2614 causis,
456 2533 612 2600 Judicem
639 2534 804 2603 Graecum
834 2533 996 2622 deputare
1025 2541 1191 2603 teneatur.
1229 2535 1277 2602 Et
1313 2535 1450 2621 insuper
1495 2555 1570 2601 cum

314 2625 346 2688 in
369 2621 614 2711 parochialibus
637 2621 785 2689 ecelesiis
808 2621 955 2710 ipsorum
979 2623 1181 2692 Graecorum
1212 2645 1253 2689 ex
1276 2622 1513 2710 antiquissimo
1537 2627 1572 2688 et

233 2735 236 2740 ¹
314 2709 668 2778 hactenuscbservato
692 2711 763 2777 ritu
786 2712 919 2777 missam
965 2713 1099 2778 nonnisi
1122 2711 1224 2778 semel
1247 2711 1281 2776 in
1306 2710 1359 2776 die
1382 2732 1570 2798 perunum

314 2798 531 2866 Sacerdotem
549 2799 709 2865 celebrari
733 2798 844 2884 liceat,
868 2808 903 2866 et
927 2806 1037 2866 tamen
1073 2799 1224 2866 nonnulli
1252 2799 1449 2866 Sacerdotes
1471 2797 1568 2864 Lati·

315 2909 440 2970 norum,
465 2886 608 2952 dimissis
631 2889 776 2975 ipsorum
788 2887 932 2974 propriis
947 2887 1194 2974 parochialibus
1219 2886 1389 2967 Ecclesiis,
1412 2894 1452 2952 ut
1475 2907 1571 2974 prae·

314 2975 404 3042 fatos
427 2973 573 3042 Graecos
594 2975 718 3060 injuria
742 2974 903 3055 afficiant,
928 2986 962 3041 et
985 2975 1028 3042 ad
1050 2975 1308 3046 disturbandum
1332 2997 1445 3042 eorum
1467 2977 1567 3054 ritus,

314 3069 349 3131 et
373 3062 645 3129 consuetudinem
668 3061 865 3150 hujusmodi,
890 3063 1038 3130 nescitur
1060 3085 1124 3148 quo
1145 3067 1266 3152 spiritu
1279 3063 1381 3143 ducti,
1394 3063 1568 3129 interdum

314 3150 450 3219 Altaria
484 3150 649 3218 dictarum
692 3151 933 3239 parochialium
968 3152 1206 3220 Ecclesiarium
1244 3155 1501 3240 praeoccupant,
1527 3156 1562 3218 et

313 3240 398 3307 inibi
421 3245 536 3307 contra
559 3240 768 3307 voluntatem
791 3239 977 3306 eorumdem
1008 3240 1211 3308 Graecorum
1235 3241 1366 3321 Missas,
1391 3247 1425 3307 et
1447 3239 1564 3306 forsan

313 3331 380 3395 alia
403 3326 517 3394 divina
541 3328 651 3395 officia
674 3327 854 3408 celebrant,
879 3328 1026 3416 adeoque
1059 3329 1141 3395 dicti
1165 3329 1286 3397 Graeci
1305 3349 1405 3416 saepe
1427 3349 1567 3394 numero

313 3421 383 3486 sine
406 3415 575 3485 auditione
599 3415 776 3481 Missarum
800 3437 874 3482 cum
898 3438 1018 3504 magna
1042 3417 1226 3484 animarum
1250 3417 1405 3484 molestia
1427 3415 1569 3482 festivis

314 3511 348 3571 et
372 3503 448 3570 aliis
471 3502 598 3584 diebus
623 3504 743 3592 quibus
767 3502 904 3569 Missam
928 3504 1043 3572 audire
1067 3511 1322 3586 consueverunt,
1346 3510 1565 3571 remaneant:

313 3593 384 3661 Nos
407 3599 519 3658 autem
542 3591 584 3657 ad
608 3589 810 3658 obviandum
826 3593 993 3658 scandalis
1016 3599 1051 3660 et
1074 3593 1325 3682 providendum,
1351 3615 1392 3660 ne
1416 3595 1447 3656 in
1471 3591 1566 3658 futu·

313 3703 386 3748 rum
411 3679 582 3746 molestiae
605 3679 793 3766 hujusmodi
839 3679 975 3749 Graecis
997 3680 1080 3771 ipsis
1104 3681 1302 3763 inferantur,
1327 3680 1564 3748 Sacerdotibus

313 3769 447 3836 Latinis
470 3767 660 3855 piaediotis,
685 3791 725 3834 ne
749 3767 789 3840 de
813 3772 943 3836 caetero
966 3769 1088 3837 Missas
1111 3776 1146 3837 et
1170 3770 1235 3836 alia
1259 3770 1374 3836 divina
1399 3768 1509 3835 officia
1534 3769 1569 3833 in

314 3857 412 3924 dictis
435 3856 596 3924 Ecclesiis
630 3857 818 3923 eorumdem
852 3857 1055 3926 Graecorum
1088 3859 1267 3939 celebrare,
1301 3857 1564 3944 Magistratibus

315 3967 403 4026 vero,
427 3947 455 4010 si
478 3944 535 4033 qui
558 3949 648 4026 sunt,
687 3968 728 4011 ne
763 3944 861 4012 dictis
884 3945 1131 4028 Sacerdotibus,
1171 3947 1330 4013 auxilium
1355 3953 1390 4012 et
1413 3944 1565 4012 favorem

313 4040 495 4122 praestent,
527 4055 587 4101 nec
625 4055 699 4115 uon,
732 4039 772 4100 ut
807 4033 916 4100 nullos
960 4035 1049 4101 ritus
1084 4044 1119 4102 et
1152 4034 1369 4102 caerimonias
1403 4033 1438 4099 iu
1476 4033 1567 4100 dicto

315 4123 453 4190 coneilio
475 4120 683 4200 Florentino,
719 4123 774 4188 vel
808 4121 890 4189 alias
925 4122 1137 4211 adprobatos,
1173 4123 1246 4190 blas
1271 4123 1413 4201 hemare,
1434 4125 1495 4187 aut
1520 4142 1569 4187 re·

337 4212 463 4291 robare,
487 4232 526 4277 ac
547 4210 606 4279 ubi
629 4210 703 4292 duo,
727 4233 814 4277 unus
836 4210 990 4291 Latinus,
1025 4212 1114 4279 alter
1137 4232 1216 4279 vero
1240 4147 1399 4291 Scaecus,
1417 4208 1566 4296 ejusdem

314 4235 388 4381 loci,
411 4337 455 4348 -
477 4304 557 4365 sunt
579 4298 754 4388 Episcopi;
778 4299 952 4388 episcopus
964 4299 1108 4367 Latinus
1124 4301 1164 4366 de
1208 4303 1335 4366 ersonis
1358 4297 1568 4365 Ecclesiasti-

314 4388 362 4455 cis
385 4393 420 4455 et
443 4387 668 4455 saecularibus
692 4387 839 4468 Graecis,
864 4409 902 4454 ac
922 4387 1156 4476 jurisdictione
1179 4322 1338 4476 Episcopi
1360 4387 1490 4468 Graeci,
1514 4383 1566 4452 vel

314 4475 389 4542 aliis
412 4474 671 4565 quibuscunque,
695 4475 738 4541 ad
759 4475 961 4564 Episcopum
997 4477 1161 4546 Graecum
1195 4475 1435 4564 spectantibus,
1460 4473 1568 4542 nulla·

312 4571 412 4632 tenus
435 4587 469 4631 se
491 4565 718 4633 intromittere
763 4570 963 4653 praesumat,
1004 4563 1063 4634 sed
1089 4565 1276 4654 Episcopus
1304 4563 1447 4632 Latinus
1470 4561 1564 4629 Lati·

313 4675 440 4733 norum,
486 4653 673 4743 Episcopus
695 4674 775 4721 vero
798 4651 947 4721 Graecus
977 4653 1180 4722 Graecorum
1226 4653 1393 4722 duntaxat
1438 4671 1562 4731 curam,

314 4741 460 4828 regimen
478 4748 513 4811 et
535 4742 797 4832 jurisdictionem
825 4743 1010 4830 respective
1043 4743 1198 4825 habeant,
1223 4747 1259 4812 et
1281 4745 1465 4812 exerceant.
1516 4738 1563 4808 Et
