3426 5368
679 283 883 390 Q

163 505 263 586 ritnr,
288 503 443 573 notitiam
466 504 624 585 habeant,
649 507 689 592 (ξ.
715 505 788 573 157.
811 505 931 592 lustr.)
965 507 1002 572 in
1047 503 1263 592 inquisitione
1299 507 1411 568 autem

164 593 357 682 probatoria
379 593 513 660 nonnisi
536 598 642 660 testes
664 594 753 660 omni
776 595 970 683 exceptione
986 591 1143 681 majores,
1167 611 1250 680 quos
1293 587 1413 655 admit·

164 687 238 748 tere
261 679 312 748 nil
334 679 486 769 impedit,
510 681 551 767 (ξ.
577 681 665 768 162.)
688 680 846 750 audiendi
869 689 959 762 sunt,
983 681 1049 770 qui,
1073 701 1146 748 eum
1156 675 1263 767 jurati
1278 681 1411 746 tantum

164 768 265 836 testis
289 767 451 858 depositio
475 767 543 835 vim
567 768 689 838 habeat
712 769 881 857 legitimae
903 767 1120 856 probationis,
1144 763 1279 856 praevie
1309 763 1412 833 tactis

163 857 385 926 sacrosanctis
429 855 494 924 Dei
518 857 704 944 evangeliis
725 857 840 946 jurare
856 858 987 937 debent,
1012 855 1099 924 sede
1112 851 1411 940 interrogationum

164 944 203 1011 sd
227 966 284 1012 eos
308 944 555 1033 dirigendamm
581 946 710 1031 objecto
735 949 923 1027 veritatem,
947 944 1109 1034 quomodo
1131 962 1327 1010 eamooram
1343 943 1411 1007 Deo

163 1044 198 1099 et
222 1031 426 1100 conscientia
448 1040 650 1119 compertam
673 1031 830 1115 habeant,
854 1033 951 1122 plene
974 1055 1012 1099 ac
1036 1033 1242 1110 intemerate,
1257 1028 1337 1118 quin
1353 1026 1412 1094 ali·

163 1117 244 1224 qnid
267 1119 404 1202 addant,
429 1120 590 1186 omittant
614 1121 665 1187 vel
687 1120 876 1202 immutent,
902 1120 1071 1188 edicturus
1093 1117 1175 1199 lore,
1198 1137 1346 1205 congrua
1370 1114 1410 1181 de

167 1207 388 1296 flurisjurandi
411 1208 595 1276 sanctitate
618 1207 844 1277 admonitione
866 1208 1058 1296 praemissa.
1083 1205 1140 1275 Ad
1164 1206 1225 1274 hoc
1244 1203 1413 1294 jusjuran-

165 1295 241 1364 dum
266 1317 286 1362 a
309 1295 454 1364 testibus
477 1295 715 1385 praestandum
739 1297 907 1387 conjuges,
931 1319 979 1377 ao,
1026 1297 1055 1363 si
1100 1294 1347 1361 matrimonium
1391 1313 1412 1357 a

166 1383 272 1452 tertio
295 1384 435 1469 quodam
458 1391 644 1465 accusetur,
677 1384 735 1451 isti
759 1407 891 1473 quoque
924 1384 1067 1452 vocandi
1112 1386 1202 1450 sunt.
1249 1381 1413 1448 Attamen

165 1478 360 1540 vocatorum
383 1472 535 1539 absentia
558 1472 718 1560 impedire
742 1473 858 1562 nequit
881 1475 960 1562 quin
973 1467 1412 1562 iusjurundumexoipiatur.

165 1561 206 1664 (ᾗ.
232 1559 322 1647 163.)
344 1559 497 1628 Tertium
520 1567 633 1628 autem
656 1582 792 1628 examen
816 1559 1015 1648 singillatim
1038 1566 1075 1628 et
1111 1563 1240 1628 secreto
1275 1562 1327 1624 est
1361 1577 1414 1622 ex·

162 1647 363 1738 cupiendum.
388 1649 432 1734 (ᾗ.
457 1648 546 1738 164.)

162 1829 198 1924 ἓ.
227 1826 324 1909 209.
353 1826 417 1908 De
444 1826 866 1930 interrogationibus
895 1827 951 1909 ad
976 1829 1111 1909 testes
1155 1819 1413 1926 dirigendis.

258 1992 393 2061 Interro
439 1995 548 2061 tiones
570 1995 717 2062 testibus
741 1994 972 2084 proponendas
994 1993 1250 2062 Commissarins
1288 1990 1331 2059 ad
1366 1989 1415 2056 in·

163 2081 360 2170 quirendum
407 2087 567 2170 sputatus
589 2082 824 2172 concipiendas
847 2084 949 2150 habet
971 2083 1103 2149 ratione
1126 2081 1241 2149 habita
1260 2081 1414 2160 omnium,

164 2190 251 2255 quae
276 2171 309 2235 in
332 2169 501 2258 hueusque
524 2170 630 2256 gestis
653 2180 868 2253 emerserunt,
887 2192 1032 2238 necnon
1054 2175 1253 2259 punctorum
1274 2169 1415 2234 interro

163 2257 384 2344 gateriorum,
408 2280 494 2346 quae
516 2279 536 2324 a
558 2259 713 2346 partibus
735 2260 849 2326 forsan
872 2258 1022 2327 exhibita
1044 2265 1134 2340 suut,
1169 2267 1205 2324 et
1238 2253 1415 2324 communi·

163 2344 347 2413 catiacum
371 2347 575 2412 matrimonii
597 2347 780 2415 Defensore
814 2348 974 2414 consiliis.
1009 2346 1216 2413 Matrimonii
1249 2344 1416 2412 Defensor

130 2456 135 2466 ¹
159 2433 217 2522 jus
242 2432 354 2514 habet,
378 2455 463 2518 qnae
485 2433 549 2522 ipsi
572 2456 591 2500 e
613 2456 650 2501 re
673 2457 746 2503 esse
769 2435 937 2516 videntur,
961 2433 1217 2522 superaddendi,
1231 2439 1291 2500 aut
1314 2433 1415 2499 etiam

163 2519 311 2610 petendi,
335 2527 375 2588 ut
398 2524 677 2607 interrogationes
700 2523 875 2590 Tribunali
909 2521 1149 2590 matrimoniali
1179 2517 1415 2610 adprobandac

162 2611 462 2764 ttttttttlt
483 2608 645 2765 §lilii
663 2607 1415 2784 tttltlltllttulitttrllttt:

162 2785 222 2866 sio,
246 2785 306 2852 ubi
329 2785 411 2852 dicti
434 2785 528 2852 nulla
550 2786 692 2853 affertur
714 2723 884 2877 ratio)pan
910 2751 1064 2854 videlicet
1087 2807 1129 2852 cx
1144 2719 1220 2852 vind
1228 2784 1282 2852 vel
1295 2783 1415 2850 auditu

161 2871 341 2940 fateatur?
364 2880 399 2940 et
421 2895 523 2962 qnare
547 2874 609 2941 hoo
631 2875 789 2943 asserat?
813 2880 877 2961 qu'o
901 2883 1058 2964 tempora,
1083 2896 1179 2955 anno,
1204 2895 1325 2954 mense,
1349 2871 1412 2951 die,

162 2961 245 3030 hora
268 2983 308 3030 ao
331 2961 450 3050 quibus
473 2963 716 3049 praesentibus,
740 2985 806 3051 quo
829 2966 910 3047 looo,
935 2964 1067 3052 quoties
1092 2967 1154 3029 etc.
1169 2983 1223 3029 ree
1234 2959 1415 3050 gestasitl

161 3071 207 3115 an
228 3049 429 3132 immediate,
453 3050 508 3117 vel
530 3051 637 3118 solum
661 3051 807 3118 mediate
831 3059 866 3117 et
890 3073 933 3120 ex
957 3051 1066 3118 alieno
1090 3051 1248 3136 aeonius
1293 3047 1414 3116 auditu

160 3159 231 3206 rem
255 3137 342 3204 solat
364 3136 454 3204 etei
476 3138 748 3206 Praemittendae
771 3146 883 3205 autem
906 3144 984 3205 sunt
1009 3140 1110 3204 etiam
1133 3137 1169 3203 in
1192 3137 1256 3204 hac
1278 3136 1415 3222 inquisi-

161 3225 254 3292 tione
277 3225 472 3314 probatoria
493 3229 706 3315 quaestiones
729 3226 912 3312 generales.
937 3225 1110 3310 Quomodo
1133 3225 1293 3292 vocaris?
1317 3223 1413 3312 cujus

162 3314 296 3388 aetatis,
320 3312 518 3400 Religionis,
543 3320 664 3396 status,
688 3313 912 3382 characteris?
936 3315 993 3382 ubi
1017 3311 1268 3380 domicilintus?
1291 3313 1414 3379 Utrum

162 3409 197 3468 et
219 3403 253 3470 in
277 3422 343 3490 quo
365 3400 474 3490 gradu
496 3424 570 3470 oum
592 3403 746 3491 partibus
770 3403 987 3470 causantibus
1010 3407 1173 3488 cognatus
1195 3405 1256 3468 aut
1275 3399 1415 3468 affinis?

162 3489 286 3558 Utrum
310 3489 482 3577 oppositae
504 3490 594 3578 parti
618 3490 782 3572 inimicus,
808 3490 899 3558 etin
923 3513 989 3579 quo
1022 3488 1201 3556 inimicitia
1224 3487 1415 3556 consistat?

162 3577 286 3645 Utrum
309 3577 352 3643 ab
375 3577 469 3644 exitu
492 3601 611 3645 causae
634 3579 761 3646 luorum
784 3587 845 3645 aut
868 3577 1025 3646 damnum
1048 3576 1247 3666 exspectet?
1270 3577 1306 3644 in
1350 3599 1415 3666 quo

162 3666 291 3734 lucrum
316 3670 376 3732 aut
399 3665 553 3733 damnum
579 3666 768 3734 consistat?
791 3667 916 3735 Utrum
939 3665 1063 3755 aliquis
1102 3665 1320 3734 indictaverit
1354 3671 1415 3731 aut

163 3752 370 3822 consuluerit
393 3752 471 3841 quid
495 3762 530 3820 et
553 3756 715 3843 quomodo
738 3754 915 3821 fateatur?
939 3756 1063 3823 Utrum
1086 3776 1145 3842 pro
1169 3753 1316 3821 fassione
1331 3752 1414 3819 nihil

163 3841 405 3930 adpromissum
428 3842 493 3930 ipsi
517 3845 562 3908 sit
584 3848 644 3910 aut
668 3841 862 3932 acceperit?
888 3843 980 3926 Quid
1003 3849 1037 3911 et
1060 3864 1080 3909 a
1103 3841 1196 3930 quo?
1220 3841 1416 3930 Sequuntur

164 3929 446 4016 interrogationes
469 3930 641 4018 speciales.
666 3933 836 3998 observa:
862 3930 1086 3999 necessarium
1111 3952 1177 3996 non
1223 3928 1414 3997 essentia

162 4017 473 4174 lullae?
488 4019 977 4174 gggpltensgqupqffia
999 4017 1266 4173 {inillillin
1288 4022 1415 4172 titt

163 4196 192 4262 si
213 4194 250 4300 id
272 4127 628 4350 adamatemgpqimdq
673 4130 720 4278 dd,
744 4203 780 4264 et
801 4131 912 4297 {dead
934 4131 1080 4283 ddldqucs
1095 4155 1200 4346 telstds
1217 4193 1414 4348 adnotequr:

163 4287 318 4439 titt·
335 4288 1416 4460 titt.uilntltttfftttittt‘ttlt{stillat

164 4467 227 4527 etc.
250 4458 445 4526 Terminato
468 4465 581 4527 autem
604 4461 755 4529 examine
790 4458 929 4529 testium
963 4459 998 4526 in
1034 4457 1227 4546 praesentia
1259 4478 1320 4546 pro
1354 4456 1417 4524 hoo

164 4567 293 4704 qnoque
316 4551 401 4649 actu¹
418 4546 567 4649 adparati
591 4548 796 4618 matrimonii
818 4545 1015 4616 Defensoris
1037 4544 1416 4647 protocollumdneente

198 4641 457 4723 otar1opar1ter
476 4643 592 4724 Jurato
616 4637 761 4706 testibus
782 4635 1004 4726 perleguntur
1027 4635 1201 4715 iussiones,
1248 4639 1337 4702 sicut
1382 4637 1417 4700 et
