3464 5366
345 554 381 622 C.
405 551 480 620 261.
505 552 618 621 Vidua
640 569 726 620 anno
749 554 862 622 luctus
884 553 1083 643 prohibetur
1101 553 1235 620 nubere.

346 641 389 710 Ο..
407 641 481 709 262.
505 639 617 708 Vidua
640 644 670 708 si
692 643 854 731 nupserit,
879 642 963 710 nihil
987 639 1185 710 hereditatis
1207 639 1328 730 accipit
1351 661 1391 710 ex
1419 642 1495 709 sub·

249 729 378 800 stantia
400 729 522 811 mariti,
547 729 606 796 sed
627 736 760 798 tantum
783 754 801 798 e
824 731 1013 800 substantia
1036 727 1186 826 prolium,
1232 730 1261 798 si
1305 729 1369 800 hae
1389 751 1494 800 more·

247 823 374 886 rentur.
1312 842 1315 854 ·

343 905 379 975 G.
398 906 472 974 263.
497 905 531 972 Si
555 903 674 973 mulier
697 906 800 974 inscio
823 906 943 974 marito
967 905 1030 974 eibi
1052 903 1285 994 procuraverit
1324 911 1434 974 vestes
1458 911 1495 974 et

247 993 393 1077 monilia,
414 993 553 1080 aliaque,
577 996 717 1064 maritus
740 1015 778 1062 ea
801 993 864 1061 sibi
887 991 1102 1084 appropriare
1111 999 1233 1083 potest,
1246 999 1281 1062 et
1292 991 1352 1063 illc
1361 998 1495 1065 mortuo

247 1082 358 1170 proles
380 1082 580 1151 hereditaut.
1211 1119 1214 1128 ·

344 1171 379 1240 C.
403 1170 477 1238 264.
501 1168 612 1237 Vidua
635 1170 665 1240 si
687 1192 753 1239 non
776 1191 821 1236 nu
845 1172 936 1251 serit,
960 1169 1100 1238 mediam
1122 1175 1254 1258 partem
1284 1172 1495 1240 substantiae

247 1257 360 1327 mariti
383 1261 513 1348 accipit,
538 1256 693 1327 similiter
715 1264 750 1326 et
771 1258 807 1328 vi
830 1279 894 1326 uua
917 1280 934 1326 e
957 1257 1150 1327 substantia
1172 1257 1300 1328 uxoris.

343 1348 377 1415 C.
402 1346 476 1414 265.
501 1346 553 1414 ΒΘ
575 1348 821 1416 assecuratione
844 1345 1010 1423 allaturae
1033 1347 1156 1414 uxoris.

343 1436 377 1504 C.
402 1435 476 1502 266.
500 1434 552 1502 ΒΘ
574 1434 762 1508 vadimonio
784 1435 898 1503 uxoris
921 1457 980 1524 pro
1004 1433 1135 1503 marito.

343 1523 379 1592 6.
403 1523 477 1592 267.
501 1522 675 1613 Expensae
698 1543 781 1609 quas
804 1523 887 1591 iacit
910 1522 1051 1592 maritus
1069 1522 1494 1592 adresanandamuxorem

246 1630 311 1679 non
335 1619 476 1700 possunt
498 1633 558 1701 per
580 1633 654 1679 eum
676 1611 852 1701 praetendi
874 1633 894 1678 a
926 1609 1131 1693 sucerescit
1176 1611 1283 1680 solum
1329 1631 1493 1700 expensae

247 1699 450 1787 sepulturae,
474 1703 672 1788 inquantum
694 1721 788 1768 socer
809 1698 936 1790 recepit
960 1699 1080 1782 dotem,
1105 1699 1159 1768 vel
1193 1698 1371 1768 allaturam
1405 1699 1493 1766 filiae

247 1808 335 1855 suae.
962 1823 970 1832 -

335 1876 369 1945 Ο.
393 1876 468 1945 238.
492 1873 787 1945 Allatura'uxoris
809 1878 934 1966 primae
958 1878 1058 1948 habet
1081 1877 1290 1968 prioritatem
1325 1877 1362 1945 in
1394 1875 1492 1944 resti-

247 1965 387 2034 tutione.

343 2053 378 2122 G.
403 2053 476 2122 263.
501 2053 687 2122 Conventio
710 2055 798 2121 inter
821 2053 979 2144 conjuges
1002 2078 1063 2145 pro
1092 2045 1171 2125 casu
1193 2053 1314 2124 mertis
1359 2073 1398 2120 ea
1419 2058 1494 2120 tan-

245 2148 318 2210 tum
331 2141 442 2246 ⁸valet,
467 2164 532 2229 qua
554 2140 739 2230 stipulatur
761 2144 925 2211 successio
947 2144 1079 2227 marito,
1104 2167 1168 2213 non
1201 2147 1281 2212 item
1304 2141 1405 2210 etiam
1427 2161 1494 2230 que

245 2251 350 2299 uxori.

341 2319 376 2388 Ο.
401 2318 474 2386 270.
499 2319 605 2400 Dona,
629 2311 713 2404 quae
735 2318 1081 2388 anaemarrimonium
1092 2319 1234 2388 invicem
1245 2317 1494 2420 praestiterunt

165 2443 169 2454 .
245 2407 411 2496 conjuges,
434 2407 622 2496 proprietas
644 2429 757 2475 eorum
779 2413 869 2490 sunt,
914 2429 974 2476 nec
1005 2410 1038 2477 in
1070 2412 1260 2498 computum
1282 2406 1493 2476 substantiae

244 2494 493 2588 postmortualis
518 2497 665 2564 veniunt.

180 2588 182 2596 '
344 2584 380 2653 C.
403 2584 477 2652 271.
501 2584 634 2652 Donum
657 2584 760 2652 libere
783 2583 908 2651 iactum
932 2606 997 2652 non
1043 2590 1133 2653 otest
1160 2583 1380 2674 repraetendi.

340 2673 376 2742 C.
401 2672 475 2739 272.
500 2673 698 2740 Substantia
722 2671 898 2760 conjugum
921 2607 1111 2762 improiium
1119 2673 1351 2741 defunctarum
1372 2675 1407 2740 in
1422 2678 1493 2740 tres

267 2766 358 2830 artes
381 2760 553 2844 dividitur,
577 2767 677 2851 atque
700 2782 767 2829 nna
789 2783 941 2830 remenso
964 2761 1108 2850 conjugi,
1133 2760 1277 2830 secunda
1293 2760 1491 2852 parentibus

244 2786 404 2930 ieiunos,
428 2852 531 2917 tertia
553 2870 614 2938 pro
637 2848 859 2938 eleemosynis
885 2850 984 2916 cedit.

340 2939 375 3007 C.
399 2938 473 3004 273.
497 2937 615 3005 Proles
637 2942 718 3005 sunt
739 2936 877 3005 heredes
900 2937 1112 3006 substantiae
1128 2943 1298 3029 paternae.

235 3025 237 3036 '
339 3027 374 3095 C.
399 3025 473 3093 274
498 3026 549 3093 Ab
572 3026 736 3095 intestato
760 3025 987 3094 decedentium
1010 3027 1198 3118 improiium
1222 3028 1400 3119 conjugum
1436 3026 1492 3094 he·

242 3115 339 3184 redes
361 3120 441 3182 suut
463 3120 630 3204 parentes.

339 3203 374 3273 G.
387 3203 467 3280 275.
491 3203 534 3270 In
556 3204 762 3271 successione
785 3201 988 3292 praecedunt
1010 3202 1134 3271 iratres
1156 3205 1304 3290 garmeni
1327 3205 1490 3290 uterinos,

242 3289 298 3385 vel
320 3315 362 3359 ex
384 3291 451 3358 alia
476 3297 582 3359 matre
603 3292 745 3379 genitos,
770 3301 804 3359 et
826 3291 896 3373 hos,
921 3313 962 3358 ex
985 3290 1148 3360 fratribus
1159 3293 1327 3380 germanis
1339 3298 1489 3381 nepotes.
1530 3315 1532 3322 ’

339 3381 374 3449 C.
398 3379 472 3454 276.
497 3379 669 3448 Successio
693 3382 864 3448 concernit
886 3378 995 3467 gradu
1017 3381 1185 3468 proximos
1209 3383 1361 3450 viventes
1371 3403 1490 3468 aequa·

240 3467 329 3550 liter,
354 3469 383 3536 si
405 3473 518 3536 essent
539 3471 575 3535 in
598 3489 637 3536 eo
658 3468 766 3556 gradu
788 3467 912 3557 plures,
936 3473 971 3536 et
993 3469 1027 3534 in
1051 3467 1184 3537 defectu
1205 3470 1348 3559 prolium
1370 3474 1490 3539 etcon·

243 3557 511 3646 sanguineorum,
535 3557 577 3624 ab
601 3559 762 3624 intestato
787 3557 927 3624 mortuis
950 3555 1132 3624 succedunt
1155 3561 1218 3647 ipsi
1240 3557 1407 3647 conjuges.

337 3645 374 3716 Ο.
399 3645 473 3712 277.
496 3644 587 3712 Filia
609 3645 730 3734 nuptui
751 3644 832 3712 data
853 3645 1021 3733 imputata
1044 3645 1190 3715 allatura
1202 3651 1237 3715 et
1247 3645 1324 3718 dote
1332 3647 1488 3737 nuptiali,
1524 3643 1527 3652 ⁴

239 3733 422 3822 participat
445 3755 486 3800 ex
509 3733 699 3800 substantia
722 3732 836 3800 denati
861 3732 1021 3822 parentis.

291 3831 294 3846 '
335 3821 371 3890 G.
395 3821 469 3888 278.
493 3821 545 3888 ΒΘ
566 3822 774 3890 successione
797 3821 952 3902 filiorum,
992 3824 1048 3911 qui
1092 3844 1113 3890 a
1157 3823 1244 3892 vivis
1289 3823 1488 3915 parentibus

240 3916 492 3980 concernentem
516 3914 645 3998 partem
667 3909 869 3978 hereditatis
892 3909 1119 3980 obtinuerunt.

335 3998 371 4068 C.
394 3998 468 4066 279.
491 3995 543 4065 ΒΘ
564 3998 772 4067 successione
794 3998 944 4088 prolium,
968 3998 1026 4087 qui
1059 4006 1189 4089 partem
1234 4004 1489 4072 concernentem

240 4085 398 4155 bonorum
422 4093 637 4174 paternorum
661 4086 806 4154 nondum
829 4092 1035 4176 receperunt.
1082 4157 1086 4172 ,

335 4175 370 4244 C.
395 4174 469 4241 280.
493 4175 545 4242 ΒΘ
568 4174 681 4244 debito
704 4181 820 4243 mutuo
843 4181 878 4243 et
904 4175 1054 4264 pignore.

335 4263 370 4331 6.
395 4262 468 4330 28].
492 4264 544 4331 ΒΘ
566 4262 771 4331 interusurio
794 4262 972 4353 prohibito.

334 4350 369 4418 C.
394 4351 544 4420 282.·ΒΘ
566 4351 700 4420 falcidia
724 4351 973 4441 compensanda.

208 4447 211 4454 ’
334 4439 369 4507 O.
394 4439 468 4506 283.
490 4439 608 4509 Proles
629 4445 832 4510 venerentur
854 4462 932 4509 suos
954 4447 1119 4530 parentes,
1131 4443 1166 4510 hi
1178 4446 1289 4512 autem
1300 4439 1489 4531 aequaliter

241 4525 394 4594 dividunt
418 4527 641 4596 substantiam
664 4528 898 4618 interpretes.
1299 4528 1302 4534 ’

334 4614 369 4682 Ο.
394 4615 468 4680 284.
493 4616 543 4684 ΒΘ
565 4616 639 4706 jure
663 4616 939 4686 exheredationis.

333 4703 368 4771 Ο.
392 4703 466 4770 285.
491 4704 541 4770 ΒΘ
563 4706 786 4774 testamentis.
