3476 5366
893 377 956 444 142

293 616 331 661 ea
353 594 494 663 scientia
527 596 684 684 polleant,
707 617 773 684 qua
796 595 982 684 Episcopus
1013 596 1047 662 in
1082 595 1291 663 eliminandis
1334 595 1536 675 haeresibus,

291 681 430 768 aliisque
452 684 644 772 perniciosis
667 686 702 750 in
726 683 876 750 doctrina
899 684 1066 750 erroribus
1074 707 1081 768 ;
1107 683 1202 750 vitiis
1227 683 1463 770 exstirpandis,
1488 688 1537 749 at·

292 790 355 858 que
377 772 563 838 virtutibus
609 771 779 839 lentandis
814 777 971 859 operest
1005 770 1143 838 consilio
1184 772 1300 840 molem
1332 771 1539 860 Episcopalis

256 918 259 940 ,
292 857 528 927 sollicitudinis
550 795 734 939 sublevare,
758 858 837 947 quin
862 863 896 925 et
918 861 1102 945 portionem
1126 859 1272 946 ejusdem
1296 882 1361 928 non
1379 859 1537 926 modicam

291 945 428 1014 valeant
450 951 624 1017 sustinere.
661 947 734 1031 Quo
773 947 908 1014 munere
945 946 1114 1016 fructuose
1148 947 1333 1034 fungentur
1365 947 1537 1034 Theologi,

292 1033 349 1118 qni
372 1034 520 1103 divinam
542 1035 739 1124 sapientiam
762 1055 803 1102 ex
823 1036 998 1122 purissimo
1021 1035 1272 1125 seripturarum,
1297 1043 1331 1103 et
1362 1035 1419 1102 SS.
1458 1035 1538 1102 Pat-

291 1143 365 1190 rum
387 1122 480 1191 fonte
502 1123 710 1191 abundanter
732 1122 922 1208 hauserint;
946 1123 982 1189 in
1004 1123 1248 1192 ecclesiasticae
1282 1143 1359 1191 vero
1393 1122 1539 1212 discipli-

291 1232 354 1278 nae
376 1211 601 1280 conservanda
624 1214 779 1298 puritate,
816 1209 1001 1278 collabente
1034 1205 1253 1294 stabilienda,
1284 1210 1429 1280 consiliis
1463 1213 1535 1278 suis

290 1298 420 1366 utiliter
443 1302 603 1367 assistent
625 1298 835 1380 Canonistee,
859 1298 968 1366 edocti
990 1321 1101 1367 sacros
1124 1299 1283 1380 Oenones,
1316 1300 1436 1388 quibus
1475 1299 1537 1366 Ec·

291 1387 410 1455 clesiae
433 1394 570 1456 externa
594 1387 765 1476 disciplina
788 1387 995 1474 exprimitur.
1019 1388 1099 1455 Ideo
1131 1388 1281 1456 Ecclesia
1313 1389 1537 1478 praescripsit,

291 1481 331 1542 ut
353 1475 511 1543 Canonici
533 1477 603 1542 sint
625 1483 787 1564 quantum
810 1475 880 1542 fieri
902 1480 1015 1562 potest
1040 1474 1242 1563 Theologiee
1275 1486 1334 1543 ant
1370 1498 1538 1544 sacrorum

291 1562 461 1631 Canounm
483 1564 654 1652 Doctores,
694 1564 824 1631 dicente
858 1562 891 1630 S.
924 1563 1086 1650 Gregorio
1117 1564 1241 1651 Magno
1279 1564 1338 1645 ,ab
1371 1563 1541 1653 imperitis

290 1651 451 1740 quomodo
474 1652 621 1739 regimen
656 1652 840 1720 animarum
872 1651 1063 1739 suscipitur,
1087 1652 1218 1740 quando
1239 1674 1293 1719 ars
1325 1655 1448 1720 artium
1485 1659 1539 1720 est

289 1739 436 1826 regimen
459 1740 674 1820 animarum‘,
697 1761 781 1829 quae
803 1739 947 1805 eruditio
971 1740 999 1805 si
1022 1762 1041 1805 a
1063 1740 1182 1824 quovis
1204 1740 1247 1806 ad
1270 1762 1381 1807 curam
1421 1746 1455 1807 et
1487 1761 1539 1807 re-

289 1827 400 1914 gimen
423 1828 606 1895 animarum
644 1827 804 1916 deputato
839 1826 1014 1894 Sacerdote
1037 1827 1256 1908 desideratur,
1281 1828 1540 1916 quantomagis

290 1937 329 1981 ac
350 1914 456 2002 major
479 1915 611 1982 divinae
632 1917 797 1997 scientiae,
822 1923 857 1981 et
880 1937 1047 1982 sacrorum
1070 1915 1241 1984 Canonum
1264 1918 1409 2004 cognitio
1429 1919 1538 2001 requi-

289 2002 377 2070 ritur
399 2005 434 2069 in
457 2003 508 2085 iis,
532 2004 651 2092 quibus
674 2002 846 2096 regiminis
868 2010 1039 2090 pastorum
1062 2003 1254 2071 sollicitudo
1264 2004 1437 2072 incumbit.
1448 2005 1537 2089 Quia

290 2095 400 2180 autem
423 2092 580 2161 Canonici
603 2115 621 2158 a
645 2091 777 2159 Canone
799 2113 917 2158 nomen
941 2092 1073 2173 babent,
1098 2095 1153 2179 qui
1176 2092 1331 2180 primitus
1355 2115 1374 2159 a
1407 2093 1537 2180 regula,

289 2201 387 2269 quam
408 2180 443 2246 in
466 2181 629 2248 communi
652 2180 883 2259 observabant,
908 2181 1007 2245 etiam
1030 2184 1200 2266 regulares
1224 2181 1429 2263 dicebantur,
1461 2203 1540 2270 quo·

289 2289 362 2334 rum
385 2267 457 2334 vita
480 2268 652 2350 Canonica,
676 2267 847 2334 institutio
870 2266 1044 2347 Canonica,
1069 2275 1128 2334 aut
1150 2268 1269 2354 religio
1293 2269 1457 2338 Canonica
1483 2291 1539 2372 ap·

288 2355 415 2443 pellata
438 2363 508 2442 est;
533 2357 691 2426 Canonici
714 2357 749 2422 in
783 2355 933 2422 custodia
971 2355 1151 2437 Canonum,
1185 2364 1286 2444 atque
1323 2359 1540 2425 observantia

287 2445 448 2533 imprimis
471 2444 567 2513 Clero
590 2445 779 2534 praelucere
810 2443 951 2530 obligati
973 2449 1063 2524 sunt,
1095 2449 1135 2510 ut
1168 2443 1347 2512 secundum
1382 2447 1535 2516 Oenones

288 2535 440 2603 viventes
463 2533 586 2600 nomini
609 2555 668 2600 suo
691 2531 913 2620 respondeant
935 2537 968 2597 et
992 2531 1107 2598 eodem
1130 2532 1223 2619 digni
1248 2533 1327 2612 sint.

220 2695 221 2702 Ν
288 2671 322 2765 ξ.
353 2669 439 2750 131.
467 2671 530 2751 De
557 2668 755 2771 ,Capitulc
784 2668 828 2748 et
849 2665 1027 2771 juribus
1055 2665 1528 2771 ejusscchpisoopali

405 2773 546 2875 plena,
574 2795 651 2854 scu
677 2773 856 2854 vivente
884 2771 928 2851 et
953 2768 1164 2874 fungente
1198 2771 1420 2875 Episcopo.

384 2919 575 3008 Capitulum
598 2925 649 2984 est
667 2913 848 3002 ¹collegium
871 2915 1120 2998 Cenouioorum,
1145 2941 1263 2985 nomen
1316 2920 1419 2985 habet
1442 2939 1462 2983 a
1485 2939 1539 2983 ca-

288 3007 461 3096 pite,1quia
484 3007 561 3073 olim
584 3029 649 3094 que
672 3005 841 3090 regulares
865 3003 1012 3092 quotidie
1035 3007 1269 3074 convenientes
1292 3005 1552 3094 caputeliquod·

287 3119 370 3183 regu
384 3117 422 3162 ae
445 3095 620 3162 canonicae
643 3095 809 3180 legebant,
843 3092 919 3159 hinc
941 3114 960 3157 a
984 3094 1101 3180 capite,
1135 3093 1335 3182 Capitulum.
1367 3094 1407 3161 In
1437 3115 1540 3181 quan-

195 3179 201 3192 '
287 3193 358 3251 tum
382 3183 489 3269 igitur
528 3183 704 3270 collegium
739 3182 986 3261 Canonicorum,
1021 3203 1080 3248 seu
1118 3181 1312 3269 Capitulum
1341 3181 1537 3248 cathedrale

286 3271 444 3361 Episcopi
466 3279 617 3340 senatum
641 3270 826 3349 constituit,
851 3268 1000 3336 Canones
1023 3269 1192 3336 Ecclesiae
1224 3270 1465 3358 praescribunt,
1494 3276 1537 3336 ut

286 3361 471 3448 Episcopus
493 3362 526 3425 in
550 3360 694 3446 negotiis
718 3356 853 3440 maioris
876 3357 1033 3423 momenti
1054 3358 1122 3444 jem
1146 3380 1352 3438 consensum,
1370 3359 1535 3444 jamcon-

287 3450 396 3515 silium
419 3448 565 3540 Capituli
589 3448 747 3535 requirat.
771 3445 818 3512 Et
841 3443 972 3532 quidem
996 3467 1190 3513 consensum
1213 3446 1361 3533 Capituli
1395 3443 1532 3534 Episco-

286 3558 349 3624 pus
371 3536 532 3624 requirit:
558 3537 590 3620 1)
613 3535 648 3602 Si
671 3535 1272 3621 Episcopus,auctoritateapostolica
1295 3533 1533 3622 Coadjutorem

287 3626 351 3691 sibi
374 3625 496 3708 eligere
519 3625 603 3692 velit
617 3623 716 3711 juxte
738 3643 849 3689 sacros
872 3620 1031 3701 Canones,
1057 3626 1091 3687 et
1114 3625 1309 3710 praesertim
1321 3622 1430 3709 Caput
1442 3621 1533 3687 unic.

287 3713 341 3779 tit.
366 3712 406 3779 de
429 3712 556 3780 Clerioo
579 3717 775 3799 aegrotante
798 3710 833 3775 in
857 3710 888 3788 6,
928 3709 1024 3796 idque
1048 3710 1197 3776 obtinere
1220 3717 1334 3797 potest
1357 3709 1538 3776 tantumin

287 3800 470 3868 diocesibus
493 3800 599 3867 Rome
623 3800 761 3878 dissitis,
786 3818 844 3885 pro
868 3795 988 3884 quibus
1012 3819 1050 3864 ea
1074 3799 1238 3864 concessio
1279 3820 1299 3864 a
1322 3797 1459 3876 ostolioa
1482 3819 1536 3863 so-

287 3894 366 3974 nat5
389 3891 423 3953 in
446 3888 583 3976 reliquis
607 3889 692 3954 enim
716 3885 917 3952 dioecesibus
941 3884 980 3950 de
1002 3884 1076 3971 jure
1100 3888 1261 3952 communi
1315 3885 1460 3952 ontificis
1470 3884 1530 3972 jus

287 3989 339 4044 est
359 3977 551 4063 aegrotanti
575 3976 740 4065 Episcopo
764 3971 1258 4061 Coadjutoremdenominare1)
1282 3975 1316 4061 2)
1345 3974 1387 4040 ad
1418 3994 1533 4039 surro-

286 4065 413 4151 gandos
435 4061 912 4150 ExaminatoresSynodales2)
928 4060 972 4145 .3)
995 4059 1062 4126 Ubi
1086 4061 1126 4127 de
1148 4060 1277 4149 juribus
1301 4068 1335 4129 et
1358 4061 1538 4147 obligatio·

286 4153 383 4219 nibus
424 4152 656 4241 Episcopatus,
681 4157 715 4218 et
739 4150 778 4216 de
803 4148 959 4214 mutando
982 4148 1150 4217 Ecclesiae
1173 4156 1267 4217 statu
1290 4150 1414 4237 agitur,
1438 4154 1478 4215 ut
1505 4150 1538 4216 si

266 4240 455 4307 ¹Ecclesiae
477 4240 614 4309 mobiles
637 4240 827 4317 abalienari,
862 4237 1102 4326 oppignorari³)
1127 4239 1160 4324 4)
1183 4238 1359 4319 Beneficia,
1390 4258 1536 4327 quorum

286 4328 421 4395 collatio
462 4329 504 4396 ad
526 4329 728 4418 Episcopum
751 4331 785 4394 ct
808 4323 1000 4412 Capitulum
1022 4326 1120 4392 simul
1153 4329 1308 4413 pertinet,
1343 4325 1537 4412 conferre4).

399 4551 459 4606 V'd.
478 4549 660 4607 Reiffenstnel
678 4551 724 4605 lib.
746 4552 770 4606 3.
790 4551 906 4618 liceret,
926 4549 968 4603 tit.
989 4547 1031 4606 ill.
1052 4548 1086 4604 de
1106 4545 1397 4620 ClericaegrotaNr.
1410 4545 1537 4606 39-45.

400 4624 505 4679 Decret.
526 4622 657 4679 Clamant.
679 4622 746 4679 vill.
807 4657 810 4664 ·
922 4652 929 4679 i

400 4694 473 4823 ἦέ.
489 4697 518 4822 171.
537 4696 572 4821 ge
591 4696 683 4753 donat.
706 4693 733 4750 C.
755 4692 831 4749 1-3.
851 4694 876 4748 7.
897 4693 932 4750 de
951 4693 995 4749 his
1014 4709 1085 4762 quae
1103 4691 1173 4750 siunt
1191 4707 1209 4747 a
1226 4691 1363 4751 Praelato.

361 4551 380 4652 ζ)

361 4625 382 4726 ³l

372 4697 381 4766 l

361 4771 380 4840 ⁴)
