3464 5366
905 367 946 431 62

821 461 1025 470 v-w—-w-——v

300 583 458 664 mittitur,
483 577 560 649 dnm
583 583 821 650 comburuntur
843 587 982 652 exuviae
1005 583 1236 652 defunctorum
1283 606 1322 651 ex
1368 583 1541 674 supposito

300 671 384 738 falso
406 669 494 756 quod
517 671 641 756 strigae
673 675 793 738 essent.

395 758 430 826 C.
455 758 529 832 379.
554 757 591 824 si
613 756 741 847 aliquid
763 758 923 834 immundi
947 757 1103 826 ceciderit
1126 757 1159 822 in
1184 779 1253 838 vas,
1299 763 1447 845 puteum,
1486 758 1542 825 vel

300 853 479 926 esculenta,
504 852 538 911 et
549 849 738 929 gustaverit
751 845 825 931 quis
837 870 876 912 ex
885 845 1073 926 immundis,
1087 847 1117 911 7.
1132 845 1248 912 diebus
1261 845 1544 920 ne'communicet.

301 1003 302 1014 ,
395 933 430 1002 O.
456 933 529 999 380.
553 934 604 998 De
624 932 751 1021 jejunio
776 933 977 1000 Nativitati's
1001 934 1135 1000 Domini
1158 933 1543 1022 qualiterobservand03

299 1021 532 1088 abstinendum
556 1043 671 1110 nempe
693 1028 746 1088 est
768 1044 787 1086 a
810 1023 966 1109 piscibus,
991 1021 1048 1088 sed
1072 1043 1137 1086 non
1160 1043 1179 1084 a
1204 1025 1298 1106 vino;
1323 1021 1440 1090 diebus
1464 1043 1543 1088 vero

299 1109 431 1176 sabbati
455 1116 490 1176 et
512 1109 646 1176 Domini
692 1109 776 1176 isces
799 1109 968 1178 comedere
991 1110 1042 1176 ias
1066 1113 1126 1175 est.
1152 1108 1188 1174 Si
1211 1109 1400 1200 Epiphania
1414 1101 1545 1177 velNa·

299 1199 417 1264 tivitas
439 1195 574 1264 Domini
595 1133 723 1262 incidat
746 1198 781 1262 in
805 1197 891 1265 diem
914 1196 1059 1264 Mercuri
1083 1203 1116 1263 et
1140 1195 1291 1279 Veneris,
1316 1196 1410 1264 nulla
1432 1196 1545 1264 ¹absti-

300 1285 413 1354 nentia
436 1292 488 1352 est
510 1283 715 1351 observanda
735 1284 894 1354 videlicet
917 1288 958 1352 ab
982 1308 1040 1353 esu
1063 1283 1220 1366 carnium,
1244 1286 1324 1352 item
1339 1285 1437 1352 'vinc

316 1401 319 1410 ¹
393 1372 430 1442 O.
455 1372 531 1460 381.
552 1372 603 1438 Dc
626 1371 763 1461 Jejunio
787 1373 1099 1462 Quadragesimali:
1141 1373 1340 1440 comedimus
1384 1372 1547 1440 semel-in

300 1459 354 1526 die
377 1459 481 1542 arida,
505 1470 540 1527 et
562 1460 693 1548 quidem
716 1466 796 1549 post
818 1464 1044 1551 vespertinum
1068 1461 1213 1544 officium
1237 1461 1319 1529 bora
1343 1461 1372 1526 3.
1407 1461 1548 1550 pomeri·

301 1547 409 1630 diana,
433 1548 487 1616 vel
511 1547 611 1629 olera,
636 1551 782 1637 exeeptis
806 1550 923 1617 diebus
945 1549 1076 1617 sabbati
1100 1556 1135 1616 et
1157 1549 1302 1631 Domini,
1326 1549 1446 1638 quibus
1492 1549 1547 1615 ab·

300 1635 484 1706 stinendum
509 1645 562 1703 est
584 1644 715 1702 tantum
739 1661 758 1704 a
781 1637 936 1705 carnibus
959 1644 994 1706 et
1015 1638 1172 1726 piscibus,
1197 1646 1333 1728 excepto
1348 1637 1546 1703 dieAnnun-

300 1725 455 1793 ciationis
477 1723 517 1794 Β.
540 1721 584 1789 Μ.
609 1721 822 1811 Virginis'et
842 1726 877 1792 D‘
897 1726 1018 1793 minica
1054 1725 1255 1807 Palmarum‚
1301 1727 1440 1810 quibus.
1465 1725 1548 1792 solis

299 1814 407 1904 pisces
430 1811 600 1880 comedere
621 1812 818 1901 permissum
841 1821 902 1882 est.
927 1814 1090 1882 Similiter
1108 1814 1272 1902 jejunium
1304 1811 1548 1880 observandum

300 1908 353 1970 est
376 1901 526 1968 omnibus
549 1899 664 1967 diebus
686 1901 832 1970 Mercuri
854 1909 889 1970 et
911 1902 1054 1971 Veneris
1077 1924 1136 1991 per
1178 1907 1288 1969 totum
1316 1923 1448 1982 annum,
1495 1923 1547 1968 ex·

300 1997 406 2080 cepto,
431 1990 459 2056 si
482 1989 519 2055 in
540 1988 601 2055 hos
624 1988 695 2055 dies
718 1989 881 2058 incideret
904 1991 1039 2080 aliquod
1061 1989 1185 2057 festum
1193 1989 1338 2071 Domini,
1352 1989 1405 2057 vel
1421 1989 1565 2063 Beatae¹

299 2079 427 2146 Mariae
448 2076 612 2162 Virginis,
637 2077 713 2144 dum
737 2080 843 2166 pisces
855 2081 1023 2146 comedere
1037 2077 1134 2164 licet;
1158 2087 1259 2168 prout
1282 2078 1383 2144 etiam
1405 2077 1440 2144 in
1466 2077 1544 2144 heb-

173 2195 180 2205 ·
301 2165 439 2238 domada
484 2163 663 2254 paschatis,
688 2173 788 2251 atque
810 2169 900 2234 inter
924 2166 1151 2235 Nativitatem
1176 2175 1210 2233 et
1233 2165 1465 2268 Epiphaniam,
1479 2167 1548 2254 qui-

299 2256 362 2323 bus
385 2251 673 2321 abstinentiores
696 2275 716 2318 a
738 2256 893 2323 carnibus
915 2254 1131 2324 observanda.
1155 2254 1544 2322 Monachrantemetiam

300 2343 417 2411 diebus
439 2340 556 2408 Lunae
578 2361 638 2429 per
660 2348 769 2410 totum
792 2366 915 2410 annum
937 2344 1106 2410 abstinere
1152 2342 1297 2410 debent:
1344 2347 1547 2422 excusantur

299 2430 433 2499 infirmi.
457 2428 591 2518 Siquis
614 2434 726 2496 autem
747 2431 910 2520 jejunium
933 2455 999 2500 non
1024 2430 1211 2498 servaverit
1234 2429 1391 2512 Clericus,
1407 2430 1547 2522 depone

299 2527 367 2602 tur,
390 2519 512 2586 Issicus
536 2539 626 2598 vero,
650 2519 705 2585 vel
727 2519 908 2589 Monachus
932 2527 1076 2611 quatuor
1097 2511 1194 2586 annis
1218 2540 1238 2586 a
1268 2540 1360 2585 sacra
1407 2539 1547 2586 commu·
1596 2538 1603 2552 “

300 2607 398 2676 nione
420 2610 583 2674 arceatur.

396 2695 432 2764 C.
456 2694 529 2762 382.
553 2694 740 2782 Poerperae
763 2697 937 2765 absolutae
960 2702 1041 2765 sunt
1064 2721 1083 2762 a
1103 2695 1242 2784 jejunio.
1364 2751 1369 2765 .

396 2784 431 2851 C.
456 2781 530 2850 383.
554 2781 590 2849 Si
614 2781 684 2850 dies
708 2786 976 2852 annunciationis
999 2785 1033 2850 in
1059 2784 1143 2850 diem
1166 2782 1308 2852 Veneris
1331 2781 1386 2849 vel
1410 2780 1543 2850 sabbati

300 2871 524 2942 hebdomadae
546 2870 711 2960 passionis
731 2873 867 2954 incidat,
892 2897 912 2940 a
934 2873 1073 2976 piscium
1098 2894 1156 2939 esu
1190 2870 1434 2938 abstinendum.
1498 2939 1500 2946 ,

396 2961 431 3028 C.
456 2961 530 3027 384.
554 2959 593 3026 In
622 2959 742 3047 'ejunio
765 2961 971 3030 Nativitatrs
993 2961 1128 3028 Domini
1151 2959 1266 3028 et-SS.
1305 2959 1545 3048 Apostolorum

300 3049 395 3116 Petri
418 3055 453 3115 et
475 3045 582 3128 Pauli,
607 2983 723 3115 diebus
746 3049 870 3131 Lunae,
895 3051 1037 3124 Mercuri
1069 3056 1102 3116 et
1126 3047 1267 3118 Veneris
1313 3047 1547 3114 abstinendum

301 3146 395 3204 esta
441 3137 564 3203 iscibus
587 3141 622 3201 et
645 3136 734 3203 vino.
1204 3184 1207 3194 ,

397 3160 438 3293 ti)
457 3225 531 3293 385.
555 3224 596 3291 In
616 3223 744 3311 jejunio
762 3225 887 3292 Mensis
910 3225 1059 3313 Augusti
1083 3247 1142 3292 seu
1165 3221 1415 3291 obdormitionis
1426 3223 1463 3291 B.
1477 3223 1546 3289 Ma·

301 3314 369 3380 riae
391 3311 551 3400 Virginis,
576 3311 692 3379 diebus
714 3313 839 3396 Lunae,
863 3313 1008 3395 Mercuri
1032 3325 1063 3381 et
1084 3313 1227 3382 Veneris
1240 3312 1344 3379 aridis
1369 3315 1543 3393 vescimur,

300 3401 438 3491 reliquis
462 3423 540 3467 vero
564 3400 680 3468 diebus
703 3407 804 3470 coctis
828 3401 920 3484 cibis,
945 3410 978 3470 et
1002 3403 1081 3470 vino
1104 3403 1240 3482 utimur,
1265 3422 1284 3466 a
1307 3401 1446 3489 piscium
1484 3421 1544 3466 esu

301 3491 518 3558 abstinentes.

397 3577 432 3646 G.
456 3577 531 3643 386.
555 3577 594 3644 In
619 3577 673 3644 die
695 3577 910 3644 exaltationis
933 3584 1068 3647 sanctae
1091 3577 1198 3646 crucis
1216 3577 1405 3665 jejunamus
1444 3575 1551 3642 absti-

301 3673 418 3735 nentes
442 3688 461 3731 a
484 3667 640 3732 carnibus
664 3672 697 3733 et
719 3666 867 3754 piscibus
890 3667 989 3733 etiam
1014 3667 1067 3733 die
1091 3667 1223 3733 sabbati
1246 3672 1281 3732 et
1303 3663 1449 3744 Domini,
1473 3663 1548 3730 siin

301 3763 389 3833 hanc,
409 3754 495 3821 diem
517 3753 699 3839 incideret3
725 3754 838 3821 vinum
862 3762 973 3822 tamen
996 3755 1140 3822 bibimus
1153 3762 1187 3821 et
1196 3756 1298 3821 coctis
1314 3753 1397 3820 cibis
1406 3752 1547 3820 utimur.

397 3844 433 3911 0.
457 3841 531 3909 387.
555 3841 697 3925 Quando
720 3849 950 3909 constructum
974 3849 1023 3910 esi
1049 3841 1243 3930 Symbolum
1266 3841 1354 3907 fidei.
1375 3876 1378 3883 2

353 3928 355 3939 ¹
398 3931 434 4000 Ο.
457 3931 532 3996 388.
556 3931 607 3997 De
631 3930 779 3998 conciliis
804 3931 1032 4012 oecumenicis,
1056 3936 1264 4020 quaesunt:
1289 3929 1471 3998 Nicaenum
1509 3928 1549 4009 Ι.,

302 4018 709 4107 Constantinopolitanum
733 4018 771 4100 Ι.,
795 4019 1010 4108 Ephesinum,
1035 4019 1312 4100 Chalcedonense,
1359 4017 1551 4108 Constanti·

302 4107 532 4198 nopolitanum
555 4106 613 4188 11,
637 4106 1044 4196 Constantinopolitanum
1068 4107 1132 4174 ΙΠ.
1158 4129 1230 4174 cnm
1268 4105 1467 4190 Quinisexto
1490 4126 1550 4170 seu

302 4196 472 4277 Truthus,
496 4196 678 4264 Nicaenum
703 4195 1106 4284 H.‚deniqueV111-um
1141 4195 1383 4276 Florentinum,
1431 4193 1485 4261 cui
1508 4216 1550 4260 ex

303 4285 522 4354 orientalibus
545 4284 637 4350 solus
659 4282 792 4351 Marcus
815 4282 1005 4372 Ephesinus
1029 4308 1093 4351 non
1126 4283 1335 4372 subscripsit.

400 4376 510 4441 Nota:
535 4371 571 4439 Si
593 4372 701 4458 igitur
723 4371 861 4439 Pravila
883 4372 1114 4440 Florentinum
1137 4371 1319 4441 Concilium
1351 4391 1411 4460 pro
1446 4368 1552 4439 Oeco-

303 4460 428 4529 menico
451 4460 582 4550 recipit,
605 4460 663 4549 qui
685 4459 771 4528 hanc
790 4461 961 4528 Pravilam
984 4469 1210 4550 acceptarunt,
1246 4458 1433 4527 necessario
1473 4479 1550 4525 cum

303 4549 453 4618 Ecclesia
476 4549 626 4616 Romana
649 4549 682 4614 in
707 4550 828 4617 unione
850 4554 885 4615 et
908 4551 1133 4618 communione
1157 4571 1229 4616 esse
1254 4549 1383 4616 debent.

399 4637 434 4706 O.
459 4636 533 4704 389.
558 4637 837 4730 Quodimagines
860 4638 1019 4727 autiquae
1043 4662 1108 4706 non
1136 4635 1385 4716 comburendae,
1414 4635 1472 4703 sed
1494 4639 1547 4702 tu·

304 4727 480 4795 molendae
502 4727 580 4795 sint.
