3426 5368
770 427 777 430 ,
801 327 972 432 ffl-

253 507 317 570 alia
341 505 484 592 privata,
509 527 634 592 quasa
659 507 808 589 personis
831 507 974 594 privatis
1020 505 1146 590 scripta
1169 511 1257 584 sunt,
1285 505 1337 570 vel
1361 504 1503 590 publica,

253 615 338 684 quae
361 616 381 659 a
403 613 544 679 persona
566 591 699 679 publica
723 614 787 679 qua
821 594 884 659 tali
908 599 986 659 sunt
1017 593 1167 660 confecta
1181 614 1188 676 ;
1222 589 1353 678 publica
1374 591 1502 676 Instru·

254 686 366 748 menta
400 680 540 769 plenam,
572 681 707 767 privata
742 681 960 769 semiprobam
998 680 1135 747 faciunt.
1172 679 1380 766 Scriptorum
1414 701 1505 744 suam

253 769 393 856 neganti
414 768 640 853 juramentum
664 768 864 855 injungitur.
955 772 958 790 ¹

351 861 383 943 h)
408 855 651 938 dusjurandum
686 855 852 940 judiciale,
890 856 977 944 quod
1006 861 1058 922 est
1092 855 1144 920 vel
1181 853 1254 920 litis
1297 853 1505 936 decisoriam,

255 944 341 1034 quod
365 944 437 1010 litis
460 943 625 1009 finiendae
649 965 748 1011 causa
789 945 898 1025 datur,
922 945 977 1011 vel
1014 943 1085 1008 litis
1109 941 1384 1024 aestimatorium,
1409 941 1508 1030 idque

255 1040 315 1101 aut
338 1032 496 1098 veritatis
520 1038 579 1096 aut
602 1031 798 1113 affectionis,
821 1055 886 1120 quo
910 1033 959 1098 rei
982 1030 1148 1117 litigiosae
1176 1030 1366 1097 aestimatio
1390 1030 1445 1096 vel
1468 1052 1509 1096 ex

255 1143 334 1187 vero
357 1120 476 1208 pretio,
501 1118 554 1185 vel
580 1141 621 1184 ex
644 1115 803 1206 pectiliari
838 1123 871 1186 in
907 1120 1006 1194 illam,
1032 1118 1156 1184 affectu
1192 1117 1363 1186 asseritur.
1411 1116 1509 1184 Jura-

255 1214 402 1276 mentum
427 1207 498 1273 litis
522 1207 720 1273 decisoriam
742 1206 863 1274 iterum
896 1215 948 1275 est
981 1205 1035 1274 vel
1059 1205 1295 1287 voluntarium,
1320 1206 1409 1294 quod
1432 1228 1510 1294 pars

256 1300 344 1386 parti
383 1295 491 1380 judice
525 1296 688 1383 probante
721 1295 838 1382 defert,
874 1297 928 1362 vol
964 1295 1195 1375 necessarium,
1220 1294 1306 1382 quod
1330 1300 1447 1380 partes
1470 1295 1511 1360 ab

255 1387 394 1452 invicem
421 1383 570 1468 exigunt,
595 1391 654 1450 aut
678 1384 763 1467 quod
787 1385 859 1472 ipse
871 1383 1110 1472 judexadcom
1135 1382 1267 1448 leudam
1277 1382 1513 1469 probationem

257 1475 418 1560 imperat;
443 1471 642 1558 etquidem,
675 1472 704 1535 si
730 1472 848 1538 Actori
882 1473 925 1538 ad
961 1405 1187 1559 complendam
1212 1471 1442 1558 probationem
1466 1472 1514 1534 in·

254 1562 417 1649 jungatur
440 1559 691 1646 suppletorium,
717 1561 743 1623 si
769 1569 881 1626 autem
895 1561 966 1626 Reo
977 1559 1017 1626 ad
1030 1558 1201 1624 elidendos
1221 1557 1513 1647 praesumptiones

258 1658 373 1715 contra
397 1668 433 1712 se
455 1648 604 1735 prolatas
627 1647 819 1734 imperetur,
833 1648 1066 1735 purgatorium
1083 1646 1284 1734 appellatur.
1310 1646 1515 1732 Purgatorio

255 1737 445 1825 juramento
468 1734 504 1800 in
528 1734 617 1799 omni
641 1755 741 1800 eausa
765 1735 857 1802 locus
881 1744 941 1803 est.
978 1735 1213 1802 duramentum
1249 1739 1360 1802 autem
1383 1733 1517 1821 supple·

258 1826 379 1890 torium
404 1826 436 1886 iu
461 1821 571 1888 causis
594 1820 796 1889 Clericorum
821 1822 1058 1903 criminalibus,
1084 1823 1154 1889 sive
1178 1823 1308 1890 delictis
1332 1821 1515 1902 canonicis,

258 1913 339 1977 item
363 1909 674 1990 matrimonialibus,
698 1911 732 1975 in
757 1912 877 1996 quibus
901 1912 1066 1978 duntaxat
1082 1911 1295 1998 probationes
1316 1911 1530 1998 perspicuae

259 1999 495 2078 admittuntur,
520 1997 714 2066 nullatenus
743 2004 795 2064 est
819 1998 1033 2066 deferendum
1048 1998 1084 2088 1).
1610 2009 1611 2016 ’

358 2114 451 2176 Nota.
477 2107 587 2190 Quum
609 2112 787 2197 utrumque
811 2109 872 2176 hoc
892 2110 1119 2197 juramentum
1144 2107 1251 2173 solum
1275 2108 1315 2173 ob
1339 2106 1511 2174 defectum

260 2198 376 2286 plenae
410 2196 616 2284 probationis
653 2196 812 2278 obtineat,
848 2221 912 2263 non
949 2202 1061 2285 potest
1096 2194 1180 2261 illud
1214 2194 1393 2284 imperari:
1431 2199 1462 2281 i)
1487 2197 1519 2262 si

259 2308 337 2372 pars
359 2291 502 2368 utraque
525 2284 703 2370 semiplene
722 2285 832 2370 ¹solum
857 2287 985 2373 probet,
1010 2307 1047 2352 co
1071 2283 1158 2372 quod
1181 2282 1234 2349 his
1257 2283 1516 2371 probationibus

261 2373 460 2443 seinvicem
486 2372 788 2438 elidentibusnihil
824 2375 999 2462 probatum
1041 2373 1108 2456 sit;
1155 2371 1189 2456 2)
1213 2371 1242 2437 si
1265 2377 1408 2458 utraque
1436 2394 1519 2459 pars

260 2461 357 2548 plene
381 2461 502 2549 probat
536 2466 617 2525 tune
655 2461 742 2526 enim
775 2461 977 2548 superfluum
1024 2473 1129 2546 esset;
1166 2499 1191 2504 --
1220 2461 1376 2548 imperari
1400 2467 1519 2526 autem

260 2553 383 2637 potest,
409 2551 436 2614 si
460 2548 559 2636 plena
583 2549 731 2636 alioquin
754 2550 891 2616 Actoris
927 2550 1079 2637 probatio
1112 2570 1171 2636 per
1194 2553 1392 2635 argumenta
1417 2570 1520 2635 quae·

261 2639 337 2704 dam
370 2637 435 2703 Rei
460 2636 572 2724 aliqua
596 2637 630 2701 in
653 2645 750 2724 parte
782 2637 994 2703 infirmentur
1032 2637 1080 2722 (0.
1104 2638 1135 2702 2.
1161 2639 1200 2702 de
1223 2636 1379 2724 probat).
1403 2635 1520 2702 Datur

261 2732 373 2792 autem
407 2725 508 2791 etiam
542 2725 770 2813 juramentum
807 2724 1000 2804 calumniae,
1035 2747 1100 2812 quo
1133 2731 1247 2813 partes
1282 2723 1457 2790 bonafide
1482 2745 1521 2790 se

261 2813 468 2900 litigaturos,
493 2818 528 2878 et
551 2813 592 2878 ab
617 2816 702 2877 omni
738 2813 855 2878 fraude
890 2812 1015 2879 alienas
1048 2836 1119 2880 esse
1150 2817 1363 2895 asseverant,
1388 2817 1424 2877 et
1447 2811 1520 2899 qui·

231 2931 234 2938 ·
262 2902 335 2968 dem
359 2901 387 2964 si
412 2900 474 2965 fiat
495 2905 573 2987 post
596 2899 690 2966 litem
715 2905 939 2966 contestatam
970 2900 1099 2967 intuitu
1126 2902 1233 2968 totius
1265 2899 1393 2986 judicii,
1418 2919 1537 2985 genes

261 2989 331 3055 rale
345 3013 352 3074 ;
378 2990 405 3053 si
429 2995 541 3055 autem
565 2993 700 3054 tantum
723 2988 851 3055 intuitu
874 2989 958 3056 certi
992 2995 1087 3055 aetus
1116 2989 1286 3076 judicialis
1315 2993 1520 3075 praestetur,

262 3075 414 3230 specifale,
439 3075 693 3229 aliaspnalitiae
702 3099 724 3182 a
737 3077 917 3144 canonistis
931 3077 1065 3180 dictum.
1081 3077 1316 3144 duramentum
1329 3074 1522 3228 calumniae

259 3166 597 3340 illsatesiallid?
613 3172 991 3340 §restiturus
1021 3164 1382 3338 ttttttgtlt
1400 3169 1522 3317 titt

262 3339 436 3408 bonafide
460 3343 607 3426 versa1·i;
633 3341 667 3428 3)
693 3343 781 3430 quod
813 3340 915 3428 judici
945 3341 993 3406 nil
1018 3341 1181 3422 dederint,
1220 3339 1432 3430 promiserint
1456 3346 1523 3406 aut

263 3429 416 3605 deilnctepp
452 3428 564 3496 daturi
598 3431 686 3513 sint;
732 3429 768 3518 4)
793 3429 879 3514 quod
911 3430 1003 3516 juste
1044 3430 1187 3517 quaesiti
1234 3450 1347 3496 verum
1371 3427 1523 3495 inficiari

262 3539 304 3583 no
320 3541 353 3582 m
416 3566 423 3582 .

357 3605 469 3672 Nota:
494 3628 575 3672 usus
599 3603 698 3693 hujus
721 3605 901 3690 ¹juramenti
925 3605 958 3672 iu
982 3605 1135 3693 pluribus
1168 3603 1250 3673 locis
1274 3605 1428 3672 cessavit.

314 3989 384 4064 DE
411 3983 705 4062 SENTENTIA
732 3984 801 4058 ET
826 3983 1073 4062 REMEDIIS
1109 3985 1317 4063 CONTRA
1343 3983 1464 4060 EAM.

504 4181 539 4274 ἓ.
575 4176 666 4258 173.
695 4178 759 4258 De
788 4178 1074 4259 Conclusione
1103 4178 1279 4260 Causae.

358 4346 605 4435 Disceptationi
628 4351 663 4414 et
686 4347 936 4434 probationibus
959 4349 994 4414 in
1017 4369 1174 4438 processu
1190 4348 1289 4414 finem
1302 4344 1456 4434 imponit,
1485 4353 1525 4415 st

262 4435 629 4503 ferendae-sententiae
652 4435 742 4502 viam
766 4437 875 4524 aperit
899 4436 1065 4504 conclusio
1080 4437 1115 4503 in
1134 4459 1242 4518 eausa,
1261 4458 1320 4504 seu
1334 4434 1524 4504 declaratio

341 4637 357 4706 ¹)
378 4636 469 4718 (1334.
490 4635 524 4689 de
541 4634 635 4705 jurjur.
658 4634 685 4690 G.
706 4635 730 4688 1.
752 4635 777 4689 4.
798 4635 822 4688 8.
845 4635 887 4688 16.
909 4636 943 4688 de
962 4653 1038 4706 purg.
1060 4633 1123 4696 Can,

339 4709 446 4778 ²)V1oe
466 4707 593 4762 Schenkl.
615 4708 692 4762 Tem.
719 4709 749 4762 ll.
780 4723 841 4776 pag.
861 4706 921 4761 745.
