3420 5358
774 473 839 540 273

705 569 910 580 ...---..--...

275 691 310 777 1)
332 674 547 762 Adulterium
571 691 678 759 solum
701 713 767 758 non
791 697 843 758 est
865 691 1135 779 impedimentum
1178 691 1338 758 dirimens
1360 709 1429 758 ma-

179 777 371 845 trimonium
391 786 471 868 post
494 787 633 847 mortem
656 779 809 866 compingis
839 787 1057 846 contractum.

273 866 310 954 2)
335 866 549 934 Adulterium
573 875 834 936 consummatum
860 890 932 934 oum
956 867 1168 934 matrimonio
1191 870 1362 934 attentato
1377 863 1427 931 vi·

179 957 279 1020 vente
302 955 400 1042 conju
465 961 517 1022 est
539 955 813 1044 impedimentum
837 955 1005 1036 dirimens,
1030 955 1059 1021 si
1083 977 1200 1044 nempe
1222 954 1358 1043 utrique
1370 975 1427 1019 no·

178 1045 249 1108 tum
274 1042 322 1109 sit
344 1043 410 1110 adu
425 1047 554 1125 terium,
580 1045 607 1109 si
631 1047 717 1110 enim
740 1043 908 1114 alteruter
936 1045 1022 1111 bona
1067 1043 1134 1111 fids
1178 1042 1427 1110 matrimonium

178 1129 366 1212 contrahat,
390 1132 586 1199 existimans
609 1132 753 1198 alterum
776 1133 923 1199 solutum
933 1153 1005 1199 esse
1029 1154 1067 1197 ac
1080 1131 1230 1212 liberum,
1243 1131 1315 1198 sive
1329 1151 1427 1196 suum

178 1223 239 1285 aut
260 1218 401 1286 alterius
424 1220 598 1309 conjugem
622 1221 753 1302 obiisse,
778 1221 834 1310 qui
866 1228 983 1309 postea
1018 1225 1189 1310 superstes
1232 1220 1426 1303 invenitur3

141 1313 146 1323 '
177 1306 288 1394 priore
310 1313 441 1374 mortuo
465 1332 539 1375 oum
562 1309 746 1396 posteriore
770 1309 965 1376 contrahere
987 1313 1110 1398 potest.

273 1395 308 1480 3)
331 1395 546 1464 Adulterium
570 1419 644 1463 cum
667 1397 886 1485 promissione
908 1397 1113 1463 matrimonii
1137 1402 1190 1462 est
1216 1393 1428 1484 impedimen-

177 1487 249 1548 tum
273 1481 441 1566 dirimens,
467 1489 493 1551 si
518 1484 694 1572 promissio
717 1485 821 1551 fuerit
845 1485 935 1552 facta
958 1485 1095 1552 vivente
1118 1485 1239 1551 marito
1262 1481 1424 1563 mulieris,

182 1570 237 1636 vel
260 1571 401 1658 conjuge
424 1572 602 1661 complicis.
629 1572 757 1655 Quodsi
780 1579 891 1640 autem
923 1575 1096 1662 promissio
1127 1572 1168 1639 de
1214 1569 1428 1637 matrimonio

177 1659 402 1726 contrahendo
424 1661 516 1728 facta
539 1683 604 1727 non
628 1661 732 1726 fuerit
755 1661 892 1728 vivente
922 1661 1028 1750 primo
1074 1660 1225 1748 conjuge,
1267 1658 1327 1725 sed
1350 1665 1429 1745 post

176 1745 249 1834 ejus
270 1753 421 1829 mortem,
447 1752 597 1838 quamvis
621 1749 824 1815 adulterium
847 1749 1068 1816 intervenerit
1091 1749 1151 1814 illo
1175 1748 1284 1814 adbuc
1314 1767 1428 1834 super·
1473 1817 1475 1822 ,

176 1834 268 1915 stite,
292 1835 421 1901 nullum
445 1839 522 1904 inde
544 1837 653 1904 oritur
675 1837 948 1924 impedimentum
972 1837 1142 1903 dirimens.
1166 1836 1304 1903 Sufficit
1314 1845 1427 1908 autem

175 1922 264 1989 nuda
289 1925 464 2012 promissio
487 1925 696 2006 antecedens,
720 1927 947 1992 concomitans
971 1930 1031 1991 aut
1054 1926 1260 2010 subsequens
1296 1921 1428 1988 adulte·

176 2012 261 2076 rium
286 2011 422 2079 vivente
446 2014 596 2102 conjuge,
621 2036 681 2080 nec
702 2014 888 2101 requiritur
911 2010 1426 2102 utjurameutofirmatafuerit:

176 2099 235 2166 sed
257 2105 369 2165 tamen
391 2103 576 2187 requiritur
598 2108 639 2168 ut
661 2102 702 2168 ab
726 2105 832 2167 altera
856 2108 952 2190 parte
974 2103 1120 2168 criminis
1165 2100 1331 2189 participe
1377 2097 1426 2162 sit

176 2192 348 2276 acceptata
371 2212 429 2256 seu
453 2192 554 2257 verbo
578 2212 637 2257 seu
660 2190 775 2276 signo,
800 2189 884 2256 alias
916 2191 1188 2278 impedimentum
1231 2187 1326 2253 istud
1361 2205 1428 2251 non

176 2276 332 2342 oriretur.

270 2363 305 2447 4)
329 2363 552 2431 Homicidium
577 2388 650 2432 oum
675 2365 850 2444 adulterio,
876 2364 978 2430 etiam
1008 2365 1132 2453 absque
1177 2361 1429 2453 conspiratione

176 2457 227 2518 est
249 2453 519 2540 impedimentum
543 2453 702 2519 dirimens
725 2457 969 2519 matrimonium
993 2461 1070 2541 post
1101 2460 1330 2542 perpetratum
1367 2449 1429 2516 cri·

175 2561 248 2605 men
272 2547 491 2622 contractum,
514 2541 613 2621 idest,
637 2543 667 2608 si
692 2541 903 2608 homicidium
925 2541 994 2606 fine
1040 2550 1074 2607 at
1120 2564 1194 2608 cum
1238 2538 1428 2605 intentione

176 2627 393 2695 contrahendi
416 2628 621 2696 matrimonii
645 2653 718 2696 cum
739 2629 897 2717 complice
920 2629 1080 2694 adulterii
1126 2635 1204 2694 ante
1249 2631 1424 2716 patratum

175 2715 304 2782 facinus
327 2718 502 2798 commissi,
527 2718 657 2784 etiamsi
681 2741 747 2784 una
770 2724 868 2806 parte
891 2740 957 2784 nou
980 2718 1210 2784 consentiente
1248 2720 1308 2781 aut
1330 2714 1425 2800 iguo-

175 2811 270 2871 rante
293 2811 465 2891 patratum
489 2806 544 2871 sit.

269 2893 308 2983 5)
332 2892 556 2959 Homicidium
581 2895 680 2960 etiam
704 2893 777 2960 sine
800 2893 978 2971 adulterio,
998 2893 1056 2959 sed
1080 2915 1154 2958 oum
1177 2889 1427 2980 conspiratione

174 2981 207 3044 in
230 2981 500 3068 conjugicidium,
526 2981 654 3047 dirimit
678 2983 936 3048 matrimonium.
961 2981 1084 3047 Mulier
1108 2981 1215 3067 igitur
1231 2980 1285 3046 illi
1300 2979 1426 3044 nubere

174 3090 238 3132 nou
261 3077 385 3157 potest,
409 3070 466 3158 qui
490 3069 646 3138 maritum
672 3069 743 3156 ejus
766 3071 947 3150 interiecit,
972 3070 1001 3135 si
1025 3075 1165 3135 mortem
1189 3067 1262 3156 ejus
1306 3064 1430 3132 machi·

176 3163 254 3222 nata
276 3157 393 3223 inerit.

301 3337 336 3432 ξ.
368 3333 461 3416 118.
487 3335 850 3438 Impedimentum
879 3332 1272 3417 Glandeshnitatis.

267 3503 487 3571 Glandestina
510 3507 720 3571 matrimonia
743 3511 832 3582 sunt,
858 3525 942 3594 quae
968 3526 1033 3568 non
1057 3503 1220 3569 ineuntur
1243 3497 1433 3588 publicent

174 3590 290 3657 dicunt
312 3593 347 3657 in
371 3591 457 3658 facie
476 3591 648 3660 Ecclesiae
669 3601 703 3659 et
727 3615 837 3658 coram
861 3592 1017 3670 testibus,
1031 3613 1117 3675 quae
1132 3589 1285 3656 Ecclesia
1297 3605 1430 3672 semper

174 3680 366 3768 reprobavit
388 3687 423 3746 et
445 3681 627 3768 prohibuit.
652 3681 765 3746 Testis
789 3680 889 3766 hujus
912 3687 966 3746 est
989 3680 1220 3745 Tertullianus
1243 3676 1314 3762 (lib.
1338 3676 1370 3740 2.
1386 3672 1430 3736 ad

173 3765 273 3834 Uxor.
298 3768 334 3834 O.
358 3767 404 3853 8.)
428 3769 599 3836 scribens:
628 3769 744 3850 ,Unde
767 3768 1028 3836 sufficiamusad
1043 3766 1264 3834 enarrandam
1280 3761 1424 3829 felicita·

173 3862 239 3922 tem
262 3855 336 3944 ejus
359 3858 570 3938 matrimonii,
594 3856 683 3945 quod
706 3857 860 3923 Ecclesia
883 3857 1049 3934 conciliat,
1075 3863 1112 3922 et
1134 3855 1311 3920 confirmat
1335 3847 1427 3916 obla·

174 3946 228 4026 tio,
255 3956 291 4010 et
312 3944 467 4031 obsignat
491 3944 688 4013 benedictio.
714 3946 791 4011 Ideo
816 3945 869 4033 (L.
894 3943 936 4010 de
959 3943 1068 4033 pudic.
1094 3943 1130 4012 O.
1169 3947 1215 4020 4.)
1240 3961 1344 4094 penes
1363 3958 1430 4038 'nos

173 4033 325 4099 occultae
347 4054 475 4121 quoque
499 4033 759 4121 conjunctiones,
783 4033 874 4101 idest
898 4055 964 4098 non
988 4034 1082 4121 prius
1106 4029 1195 4118 apud
1273 4027 1431 4094 eclesiam

173 4120 350 4208 professae,
374 4121 471 4207 juxta
492 4122 672 4188 moechiam
697 4129 733 4188 et
755 4122 1010 4190 fornicationem
1046 4119 1192 4206 judicari
1240 4113 1433 4203 periclitan-

174 4215 257 4276 tun‘
286 4207 411 4292 Quales
435 4208 661 4276 clandestinas
686 4210 953 4278 consociationes
977 4207 1078 4275 etiam
1103 4210 1196 4292 leges
1220 4204 1339 4272 civiles
1359 4221 1435 4298 pro-

173 4295 363 4364 bibuemnt.
387 4296 442 4364 Sic
464 4297 532 4364 Leo
556 4297 747 4386 Imperator
768 4297 915 4366 Novella
938 4296 990 4362 89.
1015 4297 1151 4383 publica
1174 4291 1435 4380 legesanoivit:

177 4384 242 4464 ,Ut
265 4406 379 4452 sacrae
402 4384 644 4452 benedictionis
663 4387 873 4453 'testimonio
919 4385 1133 4452 matrimonia
1179 4382 1435 4480 confirmentur,

172 4473 253 4540 adeo
277 4479 326 4553 ut,
350 4473 379 4540 si
423 4477 457 4538 ui
481 4474 567 4540 citra
590 4474 677 4540 hanc
701 4471 950 4540 matrimonium
973 4473 1100 4554 ineant,
1124 4469 1158 4535 id
1183 4493 1225 4538 ne
1263 4469 1306 4534 ab
1330 4468 1432 4534 initio

172 4561 312 4650 quidem.
327 4561 377 4627 ita
400 4495 475 4642 dici,
499 4583 607 4650 neque
630 4561 683 4627 illi
706 4562 740 4627 iu
765 4562 858 4629 vitae
880 4559 942 4626 illa
965 4557 1207 4628 cousuetudine
1224 4553 1433 4625 matrimonii

173 4651 244 4732 iure
266 4649 369 4738 potiri
393 4648 565 4716 debeant‘
593 4649 675 4718 Cum
698 4656 811 4717 tamen
835 4649 1041 4718 Constitutio
1065 4648 1235 4738 Principis
1261 4644 1340 4712 laici
1364 4663 1432 4708 nou

173 4737 321 4826 potuerit
342 4735 553 4806 validitatem
577 4737 780 4806 matrimonii
805 4736 914 4826 quoad
953 4737 1063 4804 forum
1110 4735 1338 4804 eonscientiae
1383 4730 1433 4797 iu·

173 4825 334 4940 fringere,
354 4827 567 4894 manifestum
591 4832 653 4908 est,
678 4847 719 4892 ex
744 4847 782 4892 ea
806 4825 1080 4915 impedimentum
1107 4823 1268 4894 dirimens
1307 4820 1438 4963 cloppe·
