3426 5368
777 295 981 400 Q
1043 354 1046 363 .

260 517 415 604 partibus
434 538 546 584 eorum
572 514 824 597 declarationes,
849 521 888 583 ut
911 517 941 584 si
964 515 1044 606 quid
1067 521 1199 584 mutare
1221 515 1336 596 velint,
1382 513 1512 582 modifi-

262 615 343 685 cent,
367 606 594 693 fassionesque
617 627 694 670 sues
719 604 861 672 nominis
884 604 1136 692 subscriptione
1153 605 1313 685 muniant,
1338 603 1414 682 dein
1435 625 1512 670 con·

262 692 409 846 clpditur
431 691 659 846 It‘rntocollum
684 699 784 780 atque
807 693 1053 782 subscriptione
1075 691 1300 760 Commissarii
1323 697 1357 758 et
1373 690 1511 760 Notarii

260 803 297 848 so
310 803 437 852 emnrza
456 803 505 852 ur.

350 963 352 970 ⁴
431 961 485 1084 fi.
516 956 612 1039 210.
640 959 703 1039 De
731 958 778 1038 vi
804 956 1021 1065 probandi
1061 982 1141 1061 per
1166 959 1312 1039 testes.

354 1103 505 1172 Oenones
529 1100 721 1184 decernunt,
745 1111 785 1170 nt
804 1103 966 1190 judicium
979 1108 1233 1191 superstruatur
1241 1103 1358 1169 talium
1368 1105 1509 1170 testium

259 1191 469 1272 confessioni,
493 1193 550 1281 qni
573 1191 806 1278 circumspecti
828 1197 863 1258 et
886 1191 974 1259 omni
998 1191 1191 1278 exceptione
1214 1191 1365 1278 majores,
1379 1193 1509 1260 censeri

259 1286 411 1366 possunt.
436 1278 493 1348 Ad
515 1279 910 1350 terendamsententiam
934 1280 1150 1364 requiruntur
1172 1279 1343 1347 minimum
1367 1279 1432 1345 duo
1460 1288 1510 1348 te-

257 1373 327 1433 stes
350 1369 437 1433 omni
461 1368 655 1456 exceptione
679 1368 829 1454 majores,
855 1367 986 1434 dicente
1008 1366 1203 1437 Alexandro
1238 1367 1305 1434 ΠΙ,
1340 1365 1509 1437 Pontifioe

257 1455 358 1522 Anno
381 1455 500 1522 nst-0
520 1455 619 1543 juxta
641 1455 727 1523 illud
750 1455 902 1521 Domini:
926 1454 968 1521 In
991 1478 1047 1523 ore
1070 1455 1209 1524 duorum
1233 1455 1288 1522 vel
1311 1455 1414 1521 trium
1435 1461 1510 1525 stet

258 1565 352 1609 omne
375 1544 522 1612 verbum.
548 1543 636 1627 Quia
660 1543 740 1610 licet
762 1544 923 1632 quaedam
947 1545 1016 1608 sint
1039 1565 1167 1624 causae,
1181 1557 1265 1632 quae
1281 1543 1394 1630 plnres
1407 1566 1509 1633 quam

257 1631 341 1698 duos
365 1631 504 1719 exigant
527 1637 644 1714 testes,
668 1632 763 1698 nulla
786 1637 969 1698 esttamen
993 1653 1102 1712 causa,
1127 1653 1213 1720 quae
1236 1634 1334 1702 unius
1371 1635 1510 1700 tantum

256 1718 449 1786 testimonio
473 1720 624 1810 quamvis
647 1719 798 1806 legitimo
820 1719 1029 1786 terminetur.
1054 1720 1141 1785 Dum
1165 1724 1277 1786 autem
1299 1719 1413 1806 plures
1459 1727 1511 1788 te·

257 1818 327 1874 stes
350 1830 410 1895 pro
433 1814 469 1875 et
491 1813 608 1876 contra
629 1815 765 1961 praesto
789 1818 875 1890 sunt,
898 1807 995 1895 juxta
1016 1808 1189 1875 Innocent.
1202 1807 1269 1876 III.
1293 1810 1392 1876 Anno
1407 1808 1507 1878 1200.

261 1895 361 1976 ,Cum
385 1896 492 1982 igitur
515 1895 591 1964 hinc
614 1919 737 1985 pures,
761 1896 838 1963 inde
863 1917 941 1963 vero
964 1895 1034 1962 sint
1057 1901 1163 1962 testes
1187 1898 1509 1983 nnmeropauciores

257 1982 420 2071 producti,
444 2006 527 2069 quoe
550 2007 614 2052 non
638 1985 745 2050 solnm
769 1983 913 2063 diversa,
938 1983 996 2050 sed
1020 1985 1160 2051 adversa
1196 1985 1331 2072 penitus
1364 1983 1400 2049 in
1435 1987 1509 2072 qui·

155 2103 157 2108 ·
258 2070 395 2137 busdam
419 2079 553 2138 constat
574 2073 764 2139 testimonia
788 2072 993 2156 reddidisse;
1017 2072 1095 2159 quia
1118 2074 1219 2139 etiam
1243 2072 1285 2138 ad
1316 2071 1508 2141 multitudi-

255 2180 329 2224 nem
353 2164 487 2226 tantum
509 2161 676 2249 respicere
699 2183 764 2226 non
789 2167 931 2249 oportet,
956 2160 1014 2227 sed
1037 2160 1079 2226 ad
1115 2160 1254 2228 testium
1292 2160 1506 2250 qualitatem,

256 2247 356 2312 etad
379 2269 493 2314 eorum
517 2249 677 2337 deposita,
702 2248 822 2337 quibus
845 2249 959 2337 potius
983 2248 1041 2316 lux
1076 2248 1232 2315 veritatis
1277 2248 1419 2336 assistit,
1466 2273 1509 2319 ex

256 2335 376 2423 quibus
400 2342 524 2402 motum
548 2337 649 2403 animi
673 2341 725 2403 sui
748 2339 903 2404 convenit
922 2335 1280 2422 judiceminformare;
1304 2339 1424 2421 (testes
1438 2359 1508 2406 non

256 2430 336 2510 sunt
358 2424 563 2507 numerandi,
588 2424 646 2492 sed
669 2423 899 2513 ponderandi.)
923 2424 1040 2492 Testes
1064 2428 1176 2491 autem
1199 2424 1288 2492 omni
1311 2428 1509 2513 exceptione
1551 2452 1560 2464 ·

256 2510 397 2599 majores
420 2523 500 2579 sunt
523 2513 564 2580 de
586 2515 705 2603 quibus
728 2514 903 2600 probatum
927 2519 979 2579 est
999 2535 1055 2580 eos
1078 2535 1150 2580 esse
1173 2513 1392 2581 intemeratae
1426 2537 1508 2602 pro·

255 2598 374 2666 bitatis
397 2606 432 2667 et
454 2601 686 2688 suppositioni,
710 2601 806 2691 quasi
829 2601 976 2689 perjurio
999 2601 1236 2668 conscientiam
1252 2623 1346 2668 suam
1358 2623 1510 2688 gravare

255 2687 395 2773 possint,
419 2687 527 2756 locum
548 2689 639 2756 hand
663 2713 744 2770 esse,
769 2689 827 2777 qui
849 2694 1018 2756 testentur
1041 2692 1074 2755 in
1098 2688 1229 2775 objecto
1263 2689 1440 2778 principali
1464 2713 1510 2759 ex

254 2775 447 2870 immediata
472 2777 686 2866 experientia.
712 2777 795 2860 (Vid
817 2776 921 2843 Instr.
945 2779 972 2862 ξ.
998 2777 1086 2864 165.)

254 2956 289 3049 ἐ.
319 2953 415 3034 211.
444 2955 509 3054 De
534 2954 878 3058 investigatione
906 2958 950 3037 et
976 2956 1234 3059 probatione
1246 2978 1325 3060 per
1339 2954 1406 3036 rei
1434 2981 1512 3060 pe·

498 3087 499 3092 '
825 3083 944 3164 ritos.

349 3224 404 3291 Ad
429 3225 641 3293 obtinendam
674 3231 708 3294 in
731 3227 928 3311 quibusdam
952 3227 1083 3296 casibus
1105 3228 1238 3316 plenam
1269 3227 1509 3318 probationem

254 3313 458 3401 inspectione
481 3336 540 3402 per
585 3314 770 3401 fidedignos
793 3316 878 3382 artis
901 3317 953 3382 vel
978 3317 1157 3420 reiperitos
1179 3337 1262 3404 opns
1286 3322 1347 3398 est,
1376 3315 1419 3382 de
1434 3338 1510 3404 qua

253 3399 460 3489 inspectione
482 3405 516 3467 in
537 3402 772 3470 Decretalibus
796 3404 920 3471 mentio
943 3405 992 3483 fit,
1017 3427 1089 3471 slve
1112 3426 1214 3492 quum
1239 3406 1354 3490 agitur
1377 3404 1418 3470 de
1434 3405 1507 3470 dis·

253 3489 412 3556 solvendo
435 3489 646 3557 matrimonio
669 3492 710 3557 ob
732 3491 1004 3579 impedimentum
1028 3493 1244 3579 impotentiae
1274 3492 1367 3580 (Cap.
1391 3490 1444 3558 lit.
1471 3493 1507 3560 7.

253 3574 294 3642 de
315 3576 444 3663 frigio.)
467 3577 539 3644 sive
562 3582 590 3644 si
614 3601 734 3668 sponsa
757 3585 834 3668 post
858 3580 1104 3647 matrimonium
1127 3587 1239 3646 ratum
1262 3581 1393 3667 ingredi
1416 3580 1509 3649 velit

252 3667 489 3732 monasterium
513 3672 548 3732 et
570 3667 755 3749 dubitatur,
779 3690 822 3733 an
844 3691 864 3734 a
888 3669 961 3735 viro
985 3669 1119 3755 cognita
1142 3669 1215 3753 sit3
1239 3669 1320 3736 item
1343 3670 1377 3734 in
1398 3667 1507 3757 impe·

252 3751 400 3819 dimento
423 3753 476 3819 vis
499 3760 534 3820 et
557 3763 676 3835 metus,
700 3755 728 3821 si
764 3757 1010 3823 matrimonium
1024 3763 1285 3823 consummatum
1309 3777 1372 3826 non
1398 3763 1503 3839 esset,

252 3846 312 3906 aut
335 3842 385 3906 dis
409 3843 537 3908 ensatio
561 3845 594 3907 in
628 3845 836 3911 matrimonio
859 3852 934 3910 rato
957 3852 992 3912 et
1015 3869 1080 3911 non
1105 3848 1332 3911 consummato
1354 3844 1507 3931 petenda

252 3934 349 4010 esset,
376 3863 517 4017 [limique
539 3953 615 3996 raro
638 3932 739 3998 etiam
761 3932 867 3999 relate
891 3933 932 3998 ad
955 3933 1227 4021 impedimentum
1252 3932 1415 3998 amentiae
1427 3954 1508 4020 per-

251 4017 476 4104 vestigatione
499 4040 559 4105 per
581 4018 629 4084 rei
652 4021 778 4108 peritos
803 4020 927 4086 certius
951 4020 994 4086 ad
1019 4019 1505 4108 veritaliscognitionemper-

251 4108 356 4171 veniri
380 4113 494 4194 potest
516 4109 600 4195 (cap.
626 4106 676 4174 14.
701 4107 741 4174 de
764 4108 910 4196 probat).
934 4108 990 4174 Ad
1030 4109 1115 4176 hanc
1160 4109 1396 4195 inspectionem
1444 4109 1506 4176 vel

250 4195 568 4280 pervestigationem
592 4195 772 4262 necessarii
796 4198 987 4284 peripsum
1010 4196 1172 4264 Tribunal
1191 4194 1434 4263 matrimoniale
1447 4195 1507 4263 de-

251 4280 379 4367 signari
402 4282 533 4363 debent,
558 4283 615 4371 qui
638 4284 708 4352 sint
731 4285 852 4351 saltem
875 4285 939 4351 duo
963 4285 1104 4352 scientia
1128 4290 1162 4351 et
1185 4284 1383 4371 integritate
1406 4305 1507 4372 prae-

252 4374 394 4451 stantes,
417 4371 459 4436 ab
483 4373 637 4456 omnique
659 4373 806 4461 partium
829 4371 942 4439 studio
966 4373 1019 4441 vel
1043 4373 1224 4440 collusione
1248 4394 1320 4439 cnm
1343 4372 1507 4460 partibus

251 4457 414 4525 immunes
436 4480 501 4547 qua
525 4465 629 4527 testes
652 4461 741 4527 omni
764 4461 955 4548 exceptione
978 4461 1120 4550 majores
1144 4467 1222 4527 aute
1246 4467 1355 4526 actum
1390 4459 1509 4550 inspe-

251 4545 371 4612 ctionis
394 4547 529 4636 praevie
552 4547 710 4634 adjurati,
734 4557 851 4617 contra
873 4559 956 4638 quos
979 4572 1074 4616 secus
1112 4548 1243 4616 eaedem
1267 4548 1383 4615 valent
1408 4571 1508 4618 exce-

249 4632 390 4723 ptiones,
415 4636 613 4726 quaeipsis,
637 4636 667 4704 si
690 4644 794 4706 testes
818 4643 966 4724 agerent,
991 4639 1113 4726 opponi
1148 4642 1295 4726 possent.
1331 4635 1506 4725 Reiperiti
