3426 5368
273 596 387 664 mariti
410 595 473 662 mei
496 593 706 683 proponendi¹
723 599 757 662 ct
779 593 924 683 petendi,
949 601 987 662 ut
1011 596 1122 684 (juxta
1145 595 1171 680 ξ.
1186 595 1260 661 236.
1274 595 1517 663 instructionis

274 679 333 772 pro
356 682 582 750 tribunalibus
606 682 918 768 matrimonialibus)
944 683 1024 748 mihi
1048 687 1103 750 via
1126 683 1274 749 officiosa
1297 690 1451 770 separata
1464 684 1519 750 ha·

274 773 393 838 bitatio
417 775 449 837 in
475 771 569 837 domo
592 776 767 859 parentum
793 792 936 838 meorum
960 771 1171 851 admittatur,
1196 777 1230 836 et
1253 772 1342 858 apud
1357 771 1516 857 judicium

275 859 373 927 civile
396 868 602 949 procuretur,
627 867 792 942 quatenus
815 858 894 924 milri
918 860 1118 926 conveniens
1142 862 1344 925 sustentatio
1368 864 1523 948 expensis

274 951 421 1015 accusati
442 949 662 1034 assignetur}

369 1036 584 1122 Interrogata
606 1035 737 1114 Actrix,
761 1041 874 1100 utrum
898 1040 1026 1124 parata,
1051 1038 1086 1100 ct
1108 1037 1141 1100 iu
1165 1040 1259 1100 statu
1283 1040 1372 1100 esset
1390 1035 1527 1123 prolata

275 1123 519 1191 sufficientibus
542 1124 773 1212 probationum
798 1123 914 1190 mediis
938 1121 1125 1203 roborandi,
1150 1122 1360 1192 declaravit:

371 1212 425 1299 (In
448 1213 555 1279 fracto
579 1211 801 1296 scribendum)
824 1211 898 1298 Ego
923 1236 995 1279 sum
1018 1216 1147 1298 parata,
1173 1217 1207 1278 et
1231 1211 1266 1276 in
1312 1217 1406 1278 statu
1452 1233 1525 1278 mea

275 1307 402 1367 asserta
426 1301 527 1367 etiam
545 1299 753 1387 judicialiter
777 1300 1020 1388 comprobandi.
1046 1297 1102 1364 Ad
1125 1301 1159 1386 a)
1183 1321 1326 1389 provoco
1372 1322 1412 1366 ex
1459 1323 1526 1366 una

275 1393 371 1477 parte
394 1390 436 1455 ad
459 1395 534 1455 acta
554 1387 729 1474 judicialia
753 1387 841 1475 apud
864 1390 958 1476 prius
982 1388 1172 1454 Dominium
1196 1388 1391 1454 terrestrale
1415 1387 1470 1469 N„
1485 1410 1527 1454 ex

275 1476 342 1542 alia
364 1483 461 1565 parte
485 1483 596 1544 antem
617 1475 659 1540 ad
684 1475 802 1542 Testes
825 1475 866 1543 N.
893 1477 934 1544 N.
959 1501 998 1544 ex
1022 1475 1093 1541 loco
1118 1474 1170 1557 N,
1208 1477 1291 1543 item
1323 1475 1365 1543 N.
1405 1476 1448 1544 N.
1485 1498 1527 1542 ex

276 1563 347 1630 loco
369 1565 424 1651 N,
448 1565 505 1653 qui
529 1565 688 1632 viderunt
712 1570 746 1629 et
769 1565 992 1631 observarunt
1016 1566 1115 1630 etiam
1138 1569 1214 1650 post
1239 1571 1390 1630 nostrum
1413 1565 1527 1631 matri·

276 1653 420 1719 monium
444 1653 665 1721 adulterinam
690 1655 977 1720 conversationem
1001 1655 1148 1720 accusati
1172 1675 1244 1719 cum
1268 1659 1330 1719 etc.
1355 1654 1389 1721 in
1414 1653 1527 1738 specie

276 1740 432 1807 viderunt
455 1747 537 1808 tunc
560 1754 594 1807 et
617 1746 698 1807 tunc
721 1747 805 1825 etc.;
831 1743 923 1826 adh)
949 1765 1092 1829 provoco
1116 1742 1158 1806 ad
1192 1748 1299 1808 testes
1333 1741 1374 1810 N.
1407 1740 1450 1808 N.
1493 1747 1528 1807 et

275 1827 318 1896 N.
342 1829 395 1910 Ν.,
419 1830 475 1913 qui
500 1838 667 1918 tamquam
691 1829 863 1895 domestici
887 1831 1073 1918 Perpetuae
1096 1828 1243 1911 Nathan,
1270 1828 1446 1896 scientiam
1471 1828 1529 1894 ha·

275 1916 356 1983 beut
379 1919 419 1984 de
441 1921 656 2004 generatione
680 1919 811 2004 spuriae
833 1917 948 2004 prolis,
973 1940 1071 2006 quam
1095 1919 1136 1982 ab
1160 1926 1316 1984 accusato
1341 1917 1528 2003 suscepisse

276 2011 491 2083 asseveravit,
517 2012 578 2073 etc.
600 2029 607 2090 ;
631 2006 674 2071 ad
698 2009 728 2090 c)
753 2006 857 2072 etsie
881 2028 979 2092 porro
1005 2057 1012 2073 .
1103 2005 1144 2070 ad
1163 2005 1527 2093 alprovccuadtestes

276 2093 318 2161 Ν.
343 2090 385 2161 Ν.
410 2101 445 2162 et
466 2095 508 2164 N.
533 2094 575 2162 Ν.
599 2094 656 2182 qui
680 2094 836 2160 adierunt
860 2100 1052 2161 accusatum
1084 2098 1118 2161 et
1141 2097 1187 2160 sic
1232 2117 1341 2182 porro.
1389 2093 1527 2160 Literna

276 2192 511 2250 concernentes
535 2183 680 2250 exhibeo.
704 2182 776 2248 Imo
801 2183 901 2249 etiam
922 2184 1149 2269 juramentum
1185 2205 1291 2249 meum
1327 2183 1431 2249 offero
1467 2205 1528 2270 pro

277 2271 428 2338 omnibus
451 2273 557 2353 factis,
582 2293 665 2355 quae
689 2292 793 2336 meam
816 2294 991 2360 personam
1015 2270 1177 2358 adtipent,
1203 2271 1232 2336 si
1254 2270 1291 2336 id
1301 2271 1526 2337 necessarium

276 2358 398 2444 fuerit,
423 2361 511 2428 sicut
529 2359 813 2427 circumstantiam
837 2367 871 2426 et
895 2361 943 2426 sic
965 2381 1074 2447 porra.
1095 2358 1263 2426 Finaliter
1285 2366 1363 2448 peto
1377 2362 1410 2424 iu
1424 2381 1527 2444 quan·

275 2452 347 2513 tum
371 2450 593 2516 necessarium
620 2446 791 2513 videretur
814 2455 1008 2515 accusatum
1031 2447 1209 2535 adjurari.l

371 2536 454 2604 Post
477 2538 558 2604 haec
579 2534 731 2602 Libellus
755 2536 808 2602 hic
832 2537 1007 2603 actionalis
1032 2539 1159 2602 Autrioi
1182 2557 1242 2624 per
1265 2541 1439 2604 extensum
1452 2558 1526 2625 per-

275 2621 392 2706 lectus,
417 2632 452 2692 et
474 2624 696 2712 iuterrogatio
720 2623 763 2688 ad
784 2646 855 2689 eam
879 2624 1007 2690 directa
1042 2630 1114 2690 est:
1149 2624 1203 2711 (In
1226 2624 1348 2708 fracto)
1400 2625 1527 2707 ,Estne

228 2723 233 2732 “
275 2710 427 2779 Libellus
450 2715 503 2780 hic
525 2720 605 2780 tuus
629 2711 803 2777 actionalis
827 2717 969 2800 genuine
993 2719 1186 2800 assumptus
1201 2711 1233 2778 Ρ(

371 2802 446 2868 Mea
468 2801 603 2888 querela
626 2800 771 2889 perfecte
784 2803 920 2867 etrecte
944 2810 996 2867 est
1018 2808 1214 2888 assumpta;
1239 2823 1302 2868 nec
1317 2800 1424 2866 habeo
1438 2799 1526 2890 quod

277 2887 469 2971 modificem,
492 2888 723 2956 tantummodo
746 2889 941 2976 petitionem
976 2888 1107 2974 adjicio,
1144 2895 1182 2955 ut
1216 2911 1280 2974 quo
1315 2911 1420 2978 ocyus
1456 2909 1527 2977 per-

276 2980 435 3044 tractatio
457 2977 635 3066 judiciaria
658 2999 757 3065 super
781 2999 818 3042 ea
842 2976 1053 3044 instituatur.

1047 3086 1180 3156 Joanna
1208 3087 1312 3168 Eller,
1348 3086 1483 3154 Actrix.

606 3177 731 3242 Actum
755 3180 794 3241 ut
817 3198 928 3262 supra,
954 3197 1063 3242 coram
1088 3177 1193 3244 nobis.
1232 3179 1238 3185 '

320 3264 361 3332 Ν.
386 3263 423 3332 Ν.
447 3265 698 3333 Commissarius
722 3265 906 3353 inquirens.

912 3353 953 3421 Ν.
978 3355 1019 3420 Ν.
1046 3355 1252 3423 Secretarius
1275 3352 1482 3440 Adjunctus.

372 3462 579 3530 Observatio.
606 3461 732 3545 Quodsi
757 3462 860 3528 ductu
883 3462 1143 3532 declarationum
1179 3463 1327 3530 Autricis
1360 3461 1527 3551 suspicari

278 3549 402 3631 liceret,
426 3553 590 3618 rationem
613 3551 710 3636 petiti
734 3551 888 3639 perpetui
912 3552 1050 3618 divortii
1075 3558 1131 3620 vix
1162 3554 1336 3620 evidenter
1370 3573 1408 3616 ac
1432 3551 1525 3616 suffi-

277 3640 401 3705 cienter
424 3639 700 3729 comprobabilem
725 3662 805 3720 esse,
830 3640 897 3704 alia
920 3663 999 3707 vero
1023 3644 1182 3728 adjuncta
1207 3663 1284 3706 vere
1307 3662 1367 3727 pro
1400 3645 1528 3726 tempo·

276 3727 336 3792 rali
361 3735 493 3794 tautum
518 3727 727 3814 separatione
752 3728 847 3814 plene
870 3730 1100 3814 probarentur,
1125 3730 1252 3818 poterit
1275 3750 1336 3794 suo
1359 3726 1432 3792 loeo
1452 3748 1526 3794 con-

276 3822 436 3900 gruenter
458 3817 635 3882 intentioni
659 3815 807 3883 Actricis
831 3815 994 3898 adnotari,
1016 3819 1133 3903 quodsi
1156 3818 1276 3906 petitio
1300 3838 1361 3881 sua
1384 3814 1427 3882 ad
1451 3837 1524 3903 per·

277 3909 410 3991 petuam
434 3905 677 3994 separationem
701 3904 876 3991 adimpleri
897 3928 962 3971 non
985 3912 1107 3993 posset,
1139 3906 1259 3973 Actrix
1284 3904 1453 3969 minimum
1477 3925 1526 3970 se·

276 3993 481 4146 parationem
504 3996 738 4080 temporariam
761 3992 978 4059 fundamento
1002 3999 1186 4060 ceterorum
1210 3992 1410 4058 motivarum
1432 3990 1525 4078 adju·
1652 3982 1656 3999 '

301 4083 380 4147 icari
403 4081 560 4168 postulet.
586 4081 793 4167 (Katachlrer
817 4079 908 4147 Tum.
933 4080 974 4148 V.
999 4103 1074 4168 pag.
1100 4081 1303 4167 747-749.)

329 4281 367 4367 Ι)
391 4282 608 4353 Proloeollun
633 4280 811 4352 tanevotae
834 4279 1056 4351 confessionis
1081 4283 1248 4369 conj-upum
1286 4280 1315 4348 iu
1340 4279 1473 4366 praevia

803 4414 1015 4502 luouiaiticue.

374 4571 502 4654 Quodsi
524 4569 880 4640 Libellus-Actionalis
903 4567 1028 4657 scripto
1052 4567 1221 4634 exhibitus
1245 4572 1342 4647 esset,
1360 4564 1469 4631 relate
1482 4561 1522 4630 ad

278 4658 517 4730 confessionem
539 4659 677 4730 Actoris
700 4682 739 4725 su
763 4656 874 4747 plendi
898 4662 978 4723 sunt
1002 4656 1152 4724 defectus
1176 4653 1426 4744 quaestionibus
1450 4652 1519 4718 ido·

279 4747 359 4824 neis,
384 4754 485 4834 atquc
504 4771 662 4839 responsa
684 4747 719 4812 in
740 4683 967 4813 i'rotocollum
991 4745 1088 4831 juxta
1112 4744 1290 4813 Formular
1314 4743 1376 4810 sub
1400 4742 1446 4828 A)
1471 4761 1520 4807 as·

1666 613 1690 657 sn

1668 688 1690 748 st
