3420 5358
141 567 240 634 monii
263 567 351 633 ritus
374 567 474 655 hujus
496 568 679 656 persolutio
704 568 834 655 legibus
848 570 1054 658 praescripta
1071 577 1145 635 erat
1168 575 1202 635 et
1225 574 1280 651 sit,
1294 571 1384 638 haud

141 653 324 722 neaeman
347 653 558 722 concluditur
601 655 808 722 Matrimonii
853 656 1057 724 Sacramenti
1097 658 1289 724 Ministrum
1314 681 1388 726 esse

141 741 259 810 debere
282 740 516 828 Sacerdotem;
541 765 606 809 non
641 743 727 809 enim
762 743 1012 810 Sacramentum
1048 744 1245 812 distinctum
1269 752 1321 812 est
1345 749 1386 812 ab

140 831 210 918 ipso
256 829 479 912 Matrimonio,
524 833 574 897 ita
606 837 645 896 ut
676 831 829 919 precibus
875 831 1065 900 Sacerdotis
1099 839 1134 900 et
1157 833 1389 900 benedictione

140 917 432 986 Sacramentalitas
455 919 520 1007 ipsi
532 919 745 985 Matrimonio
757 919 1046 1008 superinducatur,
1064 920 1121 987 sed
1134 921 1387 989 Matrimonium

140 1007 248 1094 ipsum
272 1011 387 1073 mutuo
401 1028 562 1074 consensu
574 1001 754 1094 conjugum
774 1029 815 1073 ex
837 1009 1007 1076 sententia
1020 1009 1187 1076 Ecclesiae
1202 1011 1389 1098 perlectum

180 1116 254 1162 ree
277 1096 385 1182 ipsum
431 1094 681 1171 Sacramentum
726 1095 788 1179 sit;
827 1097 867 1163 cb
899 1097 987 1185 quod
1017 1096 1116 1163 etiam
1152 1097 1300 1166 Ecclesia
1324 1120 1390 1163 non

173 1185 220 1249 cit
244 1181 422 1270 septimum
446 1191 557 1251 sutem
581 1185 831 1250 Sacramentum
866 1195 918 1251 est
950 1185 1166 1266 Matrimonii,
1191 1187 1251 1251 sed
1273 1185 1391 1252 Matri-

141 1269 295 1352 monium,
341 1271 426 1360 qucd
473 1271 631 1339 Christus
665 1271 813 1338 elevavit
847 1275 889 1338 ad
919 1271 1118 1358 dignitatem
1165 1274 1385 1355 Sacramenti,

140 1363 240 1444 atquo
262 1359 418 1426 restituit
439 1359 522 1426 illud
547 1360 589 1425 ad
620 1360 762 1448 primam
808 1360 1029 1427 conditionem
1057 1367 1092 1427 et
1114 1361 1392 1428 indissolubilita·

140 1453 215 1528 tem,
240 1446 361 1535 inqua
386 1447 478 1514 Deus
501 1447 677 1535 conjunxit
720 1447 862 1536 primum
886 1447 1137 1515 Matrimonium
1158 1445 1193 1514 in
1218 1449 1389 1517 Paradiso.
1415 1517 1417 1521 .

140 1535 244 1601 Porro
267 1533 384 1602 dicunt
405 1535 600 1623 posterioris
623 1536 812 1602 sententiae
840 1543 1127 1624 propugnatores;
1151 1541 1178 1602 si
1202 1538 1393 1604 Sacramcn·

139 1622 258 1690 talitas
281 1622 422 1711 primum
445 1625 516 1691 ritu
539 1646 635 1692 sacro
667 1623 866 1690 sacerdotali
900 1625 1115 1693 Matrimonio
1139 1627 1393 1693 communicare-

139 1715 203 1791 tur,
227 1732 335 1799 neque
357 1712 607 1779 Matrimonium
620 1712 885 1780 Christianorum
907 1714 941 1778 in
966 1735 1002 1780 se
1026 1723 1114 1780 esset
1126 1715 1391 1795 Sacramentum,

139 1799 226 1864 ritus
249 1799 332 1866 talis
356 1822 448 1866 sacer
470 1823 600 1889 semper
622 1800 774 1866 obtinere
797 1801 977 1881 debuisset,
1012 1802 1071 1868 sed
1095 1802 1298 1869 contrarium
1322 1825 1393 1892 per-

140 1885 233 1954 bibet
255 1887 449 1975 antiquitas,
473 1911 538 1977 qua
562 1889 602 1954 de
625 1910 661 1954 re
685 1888 913 1956 testimonium
959 1890 1115 1978 perhibet
1146 1891 1220 1977 ipse
1243 1891 1393 1959 Graecus

140 1974 334 2042 Matthaeus
376 1975 540 2042 Blastaris
586 1975 666 2064 Cap.
702 1975 798 2046 VIII.
830 1978 898 2042 Lit.
924 1977 965 2048 G.
990 1977 1078 2066 apud
1102 1979 1323 2064 Beveregium
1346 1982 1393 2044 in·

139 2063 273 2152 quiens:
320 2063 500 2130 Enimvero
546 2063 694 2152 antiquis
732 2067 936 2152 temporibus
971 2066 1109 2152 nuptiae
1134 2068 1205 2132 solo
1229 2089 1392 2134 consensu

139 2149 282 2217 coibant.
307 2153 358 2218 At
380 2159 494 2218 nostro
517 2162 665 2240 tempore
688 2175 753 2216 non
778 2155 1024 2220 contrabuntur
1046 2156 1172 2238 absque
1196 2155 1301 2221 sacris
1322 2177 1394 2242 pre·

140 2237 552 2326 cibus3ergcdicendun1
578 2247 668 2307 esset
690 2240 787 2324 juxta
820 2242 964 2329 priorem
996 2244 1199 2308 sententiam
1222 2243 1394 2309 Matrimo-

140 2327 231 2393 nium
252 2349 358 2415 usque
380 2328 423 2392 ad
446 2332 669 2416 praescriptos
693 2351 804 2394 sacros
816 2332 904 2395 ritus
929 2353 992 2396 nen
1009 2331 1113 2396 fuisse
1127 2330 1389 2411 Sacramentum,

140 2413 226 2504 quod
248 2415 409 2481 absonum
433 2422 494 2483 est.
518 2419 605 2483 Dein
629 2419 658 2480 si
682 2415 843 2483 Sacerdos
866 2424 956 2484 esset
978 2417 1137 2484 Minister
1151 2417 1252 2506 thus
1276 2418 1392 2485 Sacra-

141 2505 250 2584 menti,
274 2525 334 2590 per
356 2525 580 2593 quemcunque
606 2504 706 2571 etiam
744 2506 981 2592 vagabundum
1016 2506 1256 2593 Presbyterum
1292 2507 1390 2574 bene·

141 2589 265 2657 dictum
289 2591 437 2657 validum
461 2601 559 2673 esset,
606 2593 693 2677 qnod
735 2601 845 2660 tamen
884 2596 946 2681 ipsi
970 2617 1034 2658 non
1058 2596 1147 2659 uniti
1173 2603 1308 2680 negant,
1334 2596 1393 2660 sed

141 2679 309 2766 proprium
332 2681 516 2746 Parochum
540 2680 664 2769 requiri
688 2687 728 2746 ut
765 2682 1015 2748 Matrimonium
1054 2681 1202 2748 validum
1228 2683 1275 2748 sit
1298 2705 1393 2770 prae·

140 2767 328 2849 scribunt.¹l
353 2767 420 2834 Sed
442 2777 477 2834 et
499 2769 535 2834 id
558 2768 832 2836 considerandum
845 2793 924 2848 &aa
946 2770 1071 2848 dicunt,
1095 2771 1182 2858 quod
1208 2771 1394 2838 haeretico-

141 2876 210 2920 rum
233 2853 277 2922 ad
300 2855 485 2922 Ecclesiam
507 2879 741 2924 conversorum
764 2858 979 2932 Matrimonia
1013 2859 1137 2946 absque
1161 2857 1394 2925 benedictione

141 2942 341 3009 sacerdotali
364 2944 398 3009 in
423 2943 550 3011 haeresi
575 2945 683 3012 adbuc
717 2947 813 3027 inita,
851 2947 1001 3013 Ecclesia
1026 2948 1096 3012 ritu
1120 2967 1214 3012 sacro
1238 2946 1394 3028 validari,

141 3037 174 3095 et
196 3031 240 3096 ad
264 3033 605 3098 sacramentalitatem
634 3034 733 3120 juxta
770 3035 917 3122 priorem
963 3035 1162 3100 sententiam
1186 3034 1301 3100 eodem
1324 3036 1395 3100 ritu

141 3117 266 3184 elevari
289 3142 353 3184 non
377 3121 602 3208 praescribat;
627 3145 664 3188 eo
688 3130 799 3190 tamen
833 3145 896 3187 non
936 3123 1092 3188 obstante
1137 3122 1253 3188 eadem
1276 3121 1394 3189 Matri·

144 3209 248 3272 monia
271 3213 313 3272 ut
334 3217 542 3275 sacramenta
565 3213 705 3276 tractari
725 3211 832 3298 jubet,
857 3222 891 3276 et
914 3232 979 3297 qua
1014 3209 1230 3276 Sacramento
1254 3209 1397 3276 indisso-

143 3294 346 3360 lubilitatem
370 3296 544 3362 adtribuit.
569 3297 659 3364 Hinc
683 3300 886 3366 concludunt
911 3299 1012 3382 hujus
1036 3299 1225 3363 sententiae
1247 3303 1394 3384 patroni,

142 3383 254 3470 quales
278 3389 314 3448 et
337 3384 479 3450 Romani
502 3385 664 3472 Theologi
687 3393 769 3453 sunt
784 3389 811 3474 ²)
835 3409 949 3474 preces
973 3393 1008 3452 et
1032 3408 1144 3451 sacros
1168 3387 1256 3451 ritus
1281 3387 1397 3451 matri·

143 3470 302 3536 moniales
325 3494 389 3538 non
412 3473 503 3560 ipsas
520 3474 679 3541 conficere
693 3475 949 3556 matrimonium,
964 3496 1044 3560 ergo
1061 3496 1121 3539 neo
1138 3480 1395 3553 sacramentum,

143 3558 198 3623 scd
222 3580 280 3624 aas
304 3561 485 3646 exprimere
508 3562 615 3629 solum
646 3569 681 3628 et
717 3563 885 3630 celebrare
931 3562 1287 3640 sacramentalitatem,
1313 3583 1398 3648 quae

143 3645 356 3713 Matrimonio
391 3649 457 3736 ipsi
490 3650 587 3731 inest,
618 3651 870 3739 gratiarumque
909 3651 1099 3716 ubertatem
1146 3649 1344 3737 conjugibus
1379 3671 1399 3715 a

143 3732 210 3802 Deo
234 3733 436 3821 efflagitare.

499 3917 534 4010 §-
560 3914 628 3996 89.
655 3917 719 3996 De
759 3857 1030 4018 Polygamia.

237 4057 426 4126 Orientales
448 4061 679 4148 Polygamiam
715 4085 846 4151 quoque
879 4065 1114 4145 successivam,
1147 4067 1182 4132 id
1206 4070 1258 4128 est
1281 4061 1400 4150 plures

146 4145 280 4231 nuptias
303 4147 488 4214 successive
511 4149 615 4216 initas
639 4153 846 4238 reprobant;
869 4173 930 4238 pro
953 4152 1110 4218 secundis
1124 4154 1256 4242 quidem
1269 4152 1397 4239 nuptiis

146 4229 286 4300 habetur
309 4233 343 4300 in
365 4234 583 4322 Euchologiis
627 4243 854 4327 praescriptus
900 4239 996 4318 ritus,
1034 4262 1119 4328 quas
1154 4249 1265 4308 tamen
1307 4239 1402 4328 ipsas

147 4327 220 4404 post
241 4321 295 4386 45.
319 4325 442 4390 aetatis
465 4347 588 4391 annum
612 4328 813 4414 reprobant;
861 4328 983 4393 tertiae
1008 4329 1147 4415 nuptiae
1171 4349 1330 4396 censurae
1354 4349 1402 4394 ec-

147 4407 350 4478 closiasticae
361 4412 636 4499 subjiciebantur,
648 4421 790 4503 quartae
802 4437 881 4482 vero
894 4422 1067 4501 tamquam
1090 4417 1242 4484 brutales
1265 4415 1402 4482 damna·

222 4629 326 4702 'llide
344 4631 508 4688 loannovils
526 4635 574 4688 lus
594 4633 820 4690 Ecclesiasticurn
844 4634 1021 4704 Neoplantae
1057 4651 1117 4704 pag.
1140 4636 1194 4691 150

220 4703 239 4774 ²)
259 4703 327 4760 Vide
346 4705 466 4760 Patrone
485 4707 519 4761 de
539 4707 630 4762 forma
657 4708 738 4778 hujus
767 4706 950 4762 sacramenti.
