3476 5366
819 467 827 476 .
890 372 955 474 219
985 469 1016 473 -,

305 593 470 674 ecclesiae,
495 593 624 662 demum
663 595 719 682 jus
752 595 1000 685 praesentandi.
1021 595 1260 662 Beneficiatum
1296 593 1461 661 tributum
1485 597 1550 672 est,

304 681 392 769 quod
414 686 525 748 tamen
548 682 639 768 leges
663 682 806 767 civiles1)
829 685 877 749 ita
907 682 1163 764 restrinxerunt,
1199 688 1238 749 ut
1268 681 1453 768 acceptatio
1477 702 1552 768 per-

304 791 403 836 sonae
426 769 669 837 ecclesiasticae
691 794 751 859 per
772 771 1015 838 benefactorem
1040 771 1165 838 electae
1181 771 1222 836 ab
1239 769 1404 855 Episcopo
1429 767 1548 856 depen·

304 857 391 924 deat.
414 856 569 925 Exhinc
592 867 701 925 crtum
725 866 778 926 est
801 860 854 944 jus
877 859 1091 939 Patronatus‚
1109 857 1197 947 quod
1223 859 1320 923 initio
1343 855 1551 922 benefactori

304 946 346 1012 ad
368 967 542 1034 personam
565 952 697 1012 tantum
729 946 889 1014 collatum
921 951 983 1026 est,
1018 946 1150 1014 tardius
1172 945 1215 1012 ad
1259 942 1397 1011 heredes
1420 965 1549 1030 quoque

303 1033 492 1121 etquidem
515 1055 580 1100 non
604 1033 710 1102 solum
734 1034 914 1116 naturales,
946 1034 1127 1121 sedetiam
1150 1053 1355 1102 successores
1378 1031 1549 1117 legitimos

301 1119 338 1187 in
360 1121 569 1209 possessione
591 1122 744 1204 Dominii,
768 1129 827 1190 aut
850 1123 936 1190 Boni
959 1123 1012 1189 cui
1050 1121 1245 1212 adjunctum
1278 1133 1336 1201 cst,
1357 1119 1412 1207 jus
1436 1125 1548 1207 patro·

302 1215 403 1277 natus
426 1209 629 1277 devolutum.

435 1390 469 1483 ἓ.
499 1386 566 1468 38.
599 1389 713 1469 Medi
741 1367 1000 1490 acquirendi
1027 1388 1109 1469 Jus
1135 1388 1412 1470 Patronatus.

395 1533 579 1600 Patronum
616 1534 746 1602 faciunt
779 1531 913 1614 fundus,
949 1533 1146 1616 aedificatio,
1183 1535 1252 1614 dos,
1278 1531 1411 1618 singula
1434 1535 1548 1596 tamen

301 1642 340 1686 ex
364 1619 462 1687 dictis
485 1619 672 1688 liberalitas
696 1621 824 1689 sufficit
846 1619 888 1686 ad
913 1621 1128 1690 obtinendum
1153 1623 1354 1688 Patronatus
1377 1619 1547 1698 honorem,

275 1707 388 1774 ,unde
411 1708 440 1774 si
462 1708 575 1861 plures
599 1714 798 1777 concurrant
821 1709 864 1773 ad
887 1707 1076 1790 dotandam,
1101 1709 1306 1777 fundandam
1322 1713 1357 1774 et
1377 1712 1550 1793 exstruen-

300 1797 375 1862 dam
398 1795 465 1863 Eoo
480 1797 591 1878 esiam,
617 1799 768 1864 omnibus
791 1796 889 1865 simul
904 1803 1103 1884 patronatus
1122 1803 1306 1884 competere
1329 1799 1458 1884 potest3
1482 1815 1549 1881 quo

299 1886 333 1949 in
352 1905 431 1955 casu
453 1892 513 1951 aut
535 1885 673 1952 insimul
695 1889 919 1973 praesentant,
944 1892 1003 1952 aut
1011 1909 1071 1974 per
1092 1893 1238 1966 turnum,
1266 1885 1338 1950 sive
1369 1883 1550 1972 pervices.

297 1970 442 2038 Etiamsi
465 1979 576 2043 autem
602 1973 655 2040 bis
675 1973 731 2062 jus
754 1979 953 2061 patronatus
984 1974 1111 2061 acquiri
1146 1975 1262 2060 possit,
1300 1977 1449 2038 attamen
1475 1992 1549 2036 cum

197 2072 200 2078 ’
298 2061 333 2124 in
355 2083 477 2146 genere
500 2061 563 2129 dici
589 2061 707 2129 debeat
727 2063 784 2151 jus
806 2061 1013 2128 Patronatus
1046 2085 1116 2129 esse
1143 2061 1358 2150 privilegium
1381 2060 1423 2124 ab
1447 2057 1549 2125 eccle·

298 2147 347 2213 sia
371 2171 569 2230 concessum,
595 2158 729 2238 praeter
749 2151 805 2237 jus
829 2154 1027 2237 patronatus
1050 2151 1139 2218 reale
1163 2149 1264 2215 datur
1279 2149 1382 2215 etiam
1405 2146 1458 2232 ius
1475 2145 1548 2212 tale

296 2237 479 2323 personale,
504 2237 591 2325 quod
615 2261 680 2304 non
703 2239 817 2319 tundo,
841 2237 899 2304 sed
922 2259 1083 2324 personae
1105 2237 1268 2305 inhaeret.

469 2418 503 2512 ξ.
533 2415 599 2498 39.
626 2417 916 2498 Diversitates
952 2417 1067 2524 juris
1094 2417 1369 2500 Patronatus.

368 2561 456 2628 ,Jus
478 2568 677 2649 patronatus
701 2563 754 2628 vel
778 2565 1121 2652 estecclesiasticum,
1144 2566 1198 2632 vel
1223 2562 1358 2646 laicale;
1391 2559 1549 2629 ecelesia·

296 2649 418 2717 sticum
442 2659 503 2731 est,
527 2651 615 2738 quod
638 2652 797 2738 competit
819 2674 979 2739 personae
1001 2655 1245 2720 ecclesiasticae
1267 2673 1332 2741 qua
1354 2648 1417 2714 tali
1441 2647 1549 2714 relate

294 2737 337 2802 ad
361 2739 481 2805 bonum
506 2739 775 2828 ecclesiasticum,
811 2741 910 2828 quale
946 2747 997 2807 est
1029 2743 1268 2830 Episcoporum
1302 2739 1336 2804 in
1360 2737 1458 2803 bonis
1481 2737 1548 2824 epi·

295 2831 461 2914 scopatus,
498 2827 551 2892 vel
586 2827 826 2915 capitulorum,
862 2835 921 2895 aut
960 2840 1159 2897 coventuum
1190 2829 1447 2913 Religiosorum,
1482 2846 1549 2912 qua

294 2914 561 3002 corporationum
586 2916 883 2983 ecclesiasticarum
919 2918 1024 2984 relate
1059 2918 1101 2984 ad
1123 2920 1211 2985 bona
1234 2914 1382 3004 Capituli
1407 2914 1460 2980 vel
1486 2916 1548 2979 Or·

294 3001 402 3086 dinis;
428 3003 481 3068 vel
505 3002 646 3091 denique
669 3007 698 3069 si
722 3003 827 3070 laicus
849 3011 1011 3093 patronus
1032 3006 1199 3093 jussuum
1223 3005 1381 3073 Claustra
1405 3000 1462 3069 vel
1485 3001 1548 3068 Oa·

292 3090 401 3174 pitulo
425 3090 539 3157 tradit.
564 3090 629 3158 Jus
651 3098 851 3180 patronatus
876 3092 993 3160 laicale
1017 3106 1127 3162 autem
1151 3101 1212 3175 est,
1237 3094 1325 3181 quod
1348 3089 1449 3157 alicui
1473 3090 1546 3156 sive

292 3177 393 3245 Laico
417 3178 543 3247 Clerico
567 3184 724 3268 competit
746 3182 877 3247 ratione
899 3183 1024 3270 proprii
1058 3182 1261 3270 patrimonii,
1298 3181 1352 3248 vel
1389 3177 1546 3264 acquisiti

293 3289 365 3332 oum
386 3268 462 3354 jure
484 3276 683 3356 patronatus
705 3269 831 3356 privati
855 3271 944 3336 boni.

387 3356 619 3443 Distinguitur
642 3363 755 3424 autem
786 3362 836 3436 ius
871 3366 1069 3447 patronatus
1104 3357 1365 3424 ecclesiasticum
1389 3377 1408 3420 a
1432 3354 1546 3422 laicali

291 3443 325 3509 in
348 3445 584 3532 sequentibus:
610 3446 643 3533 1)
668 3445 755 3534 quod
778 3446 945 3513 Patronus
955 3446 1199 3513 ecclesiasticus
1222 3446 1312 3512 intra
1336 3467 1402 3524 sex,
1427 3442 1535 3510 laicus

291 3553 369 3598 vero
391 3539 482 3598 intra
506 3543 649 3622 quatuor
683 3557 811 3601 meuses
844 3543 1057 3622 praesentare
1096 3535 1273 3620 obligetur.
1309 3534 1342 3618 2)
1363 3531 1461 3615 Quod
1484 3554 1542 3618 pa·

291 3626 407 3686 tronus
432 3621 536 3697 laicus
559 3622 650 3689 intra
672 3630 816 3711 quatuor
851 3647 978 3690 menses
1011 3645 1047 3689 re
1082 3622 1190 3690 adbuc
1220 3622 1364 3708 integra,
1397 3627 1540 3687 mentem

291 3729 384 3774 suam
408 3718 545 3792 mutare,
570 3718 605 3776 et
628 3712 796 3778 succesive
818 3711 971 3799 pluribus
993 3719 1203 3798 praesectam
1231 3710 1309 3776 dare
1332 3709 1449 3797 possit,
1474 3729 1538 3795 quo

288 3796 362 3880 jure
386 3797 490 3863 eccles
504 3798 628 3864 asticus
651 3807 811 3885 patronus
835 3806 935 3867 caret.
960 3800 995 3888 3)
1019 3798 1117 3881 Quod
1140 3799 1246 3866 laicus
1268 3803 1430 3886 patronus
1453 3818 1545 3884 prae·

290 3885 452 3951 sectando
475 3886 658 3972 indignum,
680 3887 755 3974 jure
777 3888 1058 3975 praesentationis
1088 3912 1153 3953 non
1178 3886 1339 3976 privetur,
1365 3883 1540 3950 dummodo

289 3973 451 4039 terminus
473 3982 618 4058 quatuor
640 3979 800 4042 mensium
823 4000 888 4042 non
923 3976 1153 4062 exspiraverit,
1187 3974 1432 4042 ecclesiasticus
1457 3993 1534 4040 vero

288 4069 505 4149 praesentans
526 4063 709 4149 indignum,
727 4065 783 4153 jus
797 4063 1076 4150 praesentationis
1088 4079 1147 4152 pro
1171 4063 1231 4130 illo
1255 4086 1334 4130 casu
1357 4059 1533 4147 amittam)

533 4267 569 4362 ἓ.
596 4264 663 4347 40.
691 4267 755 4347 De
783 4265 967 4347 Juribus
994 4266 1294 4350 Patronorum.

383 4408 468 4477 Jura
492 4411 723 4494 Patronorum,
748 4421 828 4480 sunt
851 4412 917 4477 alia
940 4413 1130 4495 honorifica,
1163 4413 1230 4480 alia
1252 4413 1363 4493 utilia,
1388 4421 1533 4478 onerosa.

287 4492 374 4563 Jura
397 4498 578 4568 honorifica
601 4507 701 4568 sunt:
737 4500 771 4590 1)
795 4502 1076 4589 praesentationis
1108 4501 1150 4567 ad
1184 4502 1378 4570 beneficium
1403 4520 1532 4568 vacans.

363 4677 381 4821 ’ζ
400 4676 468 4734 Vide
486 4677 556 4735 Nov.
575 4679 675 4736 lustin.
696 4679 738 4734 57.
759 4676 787 4733 C.
814 4677 839 4734 2.
861 4683 888 4736 et
906 4677 975 4737 Nov.
998 4679 1058 4738 123.
1080 4679 1107 4738 C.
1129 4677 1170 4736 18.

361 4749 372 4778 ²
400 4749 469 4808 Vide
489 4750 663 4810 Canonistas.
