3420 5358
895 409 959 474 271

300 624 367 692 sio:
412 626 517 696 Nemo
549 637 662 719 petest
699 631 818 699 ducere
853 633 992 696 matrem
1023 628 1135 694 uxoris
1171 625 1290 694 fratris
1312 629 1429 696 uxoris
1453 650 1547 709 suae,

301 733 406 801 neque
439 736 592 784 uxorem.
619 719 736 786 fratris
772 718 888 785 uxoris
925 737 1014 794 suae,
1050 715 1130 780 haec
1164 719 1275 781 tamen
1306 715 1545 802 impedimenta

298 799 397 886 juxta
420 801 610 872 Gabrielem
632 807 884 895 Metropolitum
907 802 1162 890 Philadelpbiae
1185 805 1219 867 in
1242 803 1400 890 opusculo
1424 803 1464 870 de
1487 803 1545 870 Sa-

301 893 488 972 crameutis,
519 894 606 981 quod
640 917 659 960 a
695 893 832 981 Synodo
866 891 1177 976 Hierosolymitana
1213 891 1275 956 sub
1297 891 1462 958 Dositheo
1486 891 1547 957 Pa·

301 976 448 1044 triarcha
470 981 581 1048 seculo
617 981 732 1049 XVII.
757 983 924 1049 celebrata
956 979 1115 1044 laudatur
1142 986 1177 1045 et
1199 979 1414 1066 approbatur,
1440 979 1546 1066 magis

302 1063 344 1130 ad
376 1065 614 1154 impedimenta
648 1069 864 1158 impedientia
898 1067 1170 1146 adnumerantur,
1202 1067 1259 1153 qui
1292 1065 1343 1132 ait
1377 1066 1440 1133 boc
1477 1089 1549 1132 ease

301 1153 510 1221 referendum
535 1155 577 1222 ad
599 1165 791 1224 accuratam
819 1156 1061 1309 Episcoporum
1096 1176 1138 1242 ap
1163 1155 1407 1239 robationem.¹)

397 1240 514 1323 Quoad
537 1244 599 1311 boc
621 1246 893 1334 impedimentum
962 1242 1096 1330 ynodus
1176 1243 1381 1308 aronitarum
1416 1263 1549 1327 graeco-

301 1328 540 1397 catbolioorum
563 1335 603 1399 de
625 1356 713 1400 anno
737 1333 834 1399 1736.
861 1331 1031 1399 celebrata
1065 1337 1100 1396 et
1123 1353 1183 1418 per
1206 1336 1353 1395 sanctam
1376 1329 1548 1418 Apostoli-

301 1436 372 1481 oam
396 1415 513 1484 Sedem
536 1422 721 1508 approbata
745 1421 914 1488 decrevit:
940 1418 1050 1500 Quum
1087 1417 1214 1504 gradus
1226 1418 1551 1503 consanguineitatis

302 1502 346 1568 ad
368 1512 522 1592 quartum
546 1509 710 1576 inclusive
733 1509 841 1598 quoad
864 1507 1005 1574 Latinos
1028 1506 1063 1570 in
1086 1505 1234 1573 Concilio
1254 1505 1475 1572 Laterauensi
1489 1506 1551 1572 sub

300 1589 570 1662 InnocentioIIl.
595 1603 631 1663 et
653 1596 696 1663 ad
705 1597 879 1684 septimam
903 1615 1077 1682 personam
1100 1593 1209 1681 quoad
1218 1593 1406 1660 Orientales
1424 1594 1553 1661 redacti

301 1678 438 1761 fuerint,
463 1705 664 1772 consequens
688 1693 749 1765 est,
774 1691 814 1750 ut
836 1684 879 1750 ad
903 1705 977 1748 eum
1000 1703 1130 1770 quoque
1152 1680 1293 1767 gradum
1313 1703 1372 1747 seu
1392 1704 1553 1770 personas

300 1767 480 1835 affinitatis
503 1793 633 1860 quoque
654 1773 780 1859 gradus
804 1771 1050 1838 extenderetur.
1073 1769 1138 1835 Sed
1173 1791 1233 1836 nos
1256 1776 1421 1835 statutum
1446 1793 1554 1837 saero-

301 1856 409 1922 saneti
454 1857 692 1926 [lateranensis
737 1860 889 1940 Concilii,
913 1860 965 1925 oui
989 1857 1189 1924 Patriaroha
1224 1864 1339 1925 noster
1361 1857 1553 1925 Hieremias

300 1941 467 2026 interfuit,
513 1949 547 2012 in
570 1947 740 2036 praedicto
785 1957 905 2036 quarto
941 1945 1121 2012 affinitatis
1159 1945 1269 2032 gradu
1292 1948 1553 2032 (computatione

301 2035 470 2117 canonica)
494 2035 708 2101 obser'vamas
721 2059 729 2121 ;
755 2036 901 2125 adeoque
925 2035 1141 2113 declaremus,
1159 2032 1247 2122 quod
1263 2034 1396 2099 etiamsi
1420 2034 1454 2099 in
1476 2035 1554 2122 jure

301 2118 521 2187 Orientalium
544 2123 750 2212 prohibitum
775 2125 831 2205 sit,
851 2132 891 2191 ut
913 2133 1011 2212 pater
1034 2129 1068 2188 et
1092 2122 1184 2188 filius
1200 2143 1273 2187 cum
1292 2130 1398 2187 matre
1414 2123 1553 2210 ejusque

301 2206 374 2273 filia
398 2209 608 2292 contrahant,
632 2219 694 2278 aut
717 2212 782 2278 duo
806 2213 930 2278 fratres
965 2233 1039 2278 eum
1071 2209 1200 2276 duabus
1236 2211 1415 2289 sororibus,
1446 2232 1554 2277 saero-

301 2303 436 2362 sanotae
458 2305 570 2364 tamen
593 2300 764 2366 Romanae
786 2300 960 2367 Ecclesiae
991 2320 1112 2364 morem
1136 2303 1314 2387 sequentes
1339 2298 1553 2365 matrimonia

301 2381 491 2468 hujusmodi
515 2394 683 2475 tamquam
708 2388 803 2454 licita
835 2389 1065 2477 approbamus.
1109 2385 1275 2452 Affinitas
1298 2386 1385 2451 enim
1410 2409 1474 2452 non
1499 2394 1553 2453 est

302 2469 392 2536 inter
414 2483 574 2560 cognatos
597 2476 875 2556 contrahentium,
912 2477 969 2543 sed
1002 2475 1093 2541 inter
1115 2496 1217 2540 unum
1241 2473 1493 2540 contrahentem
1517 2483 1553 2542 et

303 2568 463 2644 cognatos
486 2562 627 2629 alterius
649 2564 918 2649 contrahentis.²)
941 2565 1022 2631 Pius
1045 2571 1156 2628 autem
1181 2562 1222 2630 V.
1250 2561 1410 2628 Pontifex
1431 2562 1467 2629 in
1488 2564 1554 2630 De-

303 2655 395 2712 ereto
417 2649 612 2737 Apostolioo
640 2652 700 2732 ,ad
724 2652 928 2718 Romanum‘
963 2652 1004 2717 de
1027 2651 1081 2716 28.
1110 2650 1268 2717 Novemb.
1305 2649 1399 2716 1566.
1423 2651 1467 2716 ad
1489 2652 1554 2717 tol·

303 2733 437 2802 lendum
461 2759 556 2804 omne
580 2739 727 2821 dubium,
760 2763 804 2807 an
842 2741 919 2806 licet
941 2741 976 2806 in
1000 2737 1217 2805 ulterioribus
1251 2739 1414 2824 gradibus
1439 2739 1553 2826 hujus·

303 2822 390 2888 modi
429 2827 675 2893 matrimonium
710 2850 784 2893 eum
815 2827 984 2895 affinitate
1026 2833 1235 2894 contractum
1274 2849 1339 2893 non
1363 2825 1552 2906 dirimatur,

303 2907 411 2978 adhuc
435 2920 544 2980 tamen
566 2915 665 3001 juxta
688 2917 844 3004 antiquos
876 2916 1027 2984 Canones
1061 2916 1212 2982 contrahi
1234 2913 1476 3003 prohibeatur?
1499 2915 1555 2981 de·

304 2997 463 3070 claravit:
513 3001 602 3081 ,Nos
648 3024 777 3069 ornnem
823 3004 1080 3092 ambiguitatem
1125 3004 1254 3083 tollere,
1289 3009 1327 3068 ut
1370 3003 1554 3068 animarum

302 3089 557 3176 tranquillitati,
581 3101 743 3179 quantum
767 3114 841 3158 oum
871 3093 944 3159 Deo
967 3113 1154 3180 possumus,
1194 3091 1365 3158 consulere
1404 3091 1555 3157 volentes

304 3171 510 3244 declaramus
533 3185 568 3244 et
591 3179 795 3246 auctoritate
826 3180 1021 3266 Apostolioo
1053 3180 1270 3260 decernimus,
1303 3177 1432 3244 nullum
1457 3177 1555 3245 hodie

303 3261 578 3351 impedimentum
600 3289 779 3350 remanere,
815 3269 991 3355 quominus
1015 3269 1050 3334 in
1074 3267 1292 3334 ulterioribus
1311 3266 1473 3353 gradibus
1496 3267 1555 3332 hu·

300 3347 447 3438 jusmodi
470 3353 576 3420 libere
598 3361 633 3421 et
658 3356 748 3424 licite
771 3356 1021 3424 matrimonium
1055 3355 1206 3422 contrabi
1228 3357 1355 3444 possit‘
1375 3353 1399 3442 ³)

394 3529 429 3624 ἓ.
461 3530 554 3612 116.
582 3533 946 3637 Impedimentum
972 3531 1177 3636 publicae
1204 3529 1460 3613 honestatis.

398 3674 439 3742 In
463 3678 591 3766 nuptiis
614 3679 851 3748 contrahendis
874 3680 985 3765 inquit
1006 3680 1201 3764 Blaetaris⁴)
1227 3701 1291 3745 non
1323 3678 1430 3743 solum
1469 3675 1552 3765 quid

304 3764 500 3850 permissum
523 3770 570 3833 sit
593 3769 850 3850 consideramus,
874 3791 988 3836 verum
1012 3768 1149 3852 etquid
1194 3768 1240 3832 sit
1276 3766 1462 3834 honestum.
1486 3764 1552 3830 Est

305 3858 415 3917 autem
439 3852 709 3942 impedimentum
734 3857 885 3946 publicae
910 3857 1098 3923 honestatis
1143 3853 1341 3922 inhabilitas
1372 3851 1415 3920 ad
1439 3851 1554 3918 matri·

306 3940 547 4008 moniumorta
570 3967 611 4010 ex
633 3947 846 4035 sponsalibus
870 3945 1019 4032 legitime
1056 3945 1241 4011 contractis
1279 3962 1475 4028 quacunque
1510 3939 1552 4006 de

306 4048 405 4093 eausa
426 4031 635 4117 postmodum
659 4034 792 4114 solutis,
825 4040 927 4122 atque
962 4055 1003 4098 ex
1039 4031 1250 4098 matrimonio
1286 4028 1441 4096 effective
1481 4049 1556 4095 con·

305 4120 415 4183 tracto
438 4118 496 4184 sed
520 4119 663 4190 noudum
688 4133 916 4189 consummato
939 4125 1009 4187 sive
1032 4128 1108 4185 rato
1144 4121 1216 4186 sive
1262 4119 1369 4198 irrito,
1416 4121 1556 4203 excepta

307 4201 378 4268 sola
400 4225 499 4271 eausa
522 4205 673 4278 defectus
696 4231 887 4294 cousensus,
911 4210 938 4274 si
962 4229 1003 4274 ex
1026 4207 1088 4273 hoe
1111 4207 1181 4274 solo
1205 4205 1310 4274 titulo
1350 4202 1485 4272 irritum
1509 4202 1557 4268 sit

307 4292 560 4377 matrimonium,
584 4297 619 4364 in
645 4300 706 4365 hoc
728 4299 816 4365 enim
840 4319 919 4365 casu
942 4294 1216 4384 impedimentum
1255 4293 1408 4383 publicae
1454 4293 1553 4358 hone·

307 4382 406 4446 statis
429 4403 494 4447 uon
510 4386 730 4454 contrabitur.
754 4386 790 4454 Si
815 4392 928 4454 autem
950 4383 1237 4452 matrimouinium
1279 4402 1322 4448 ex
1361 4400 1559 4470 quocunque

386 4561 403 4630 ¹)
423 4561 503 4616 Klein
559 4577 584 4630 g.
603 4560 647 4616 85.

381 4633 402 4774 33
420 4634 578 4762 fartus
594 4632 673 4761 aa
761 4647 829 4774 aa.
845 4630 910 4758 aa:

383 4779 401 4850 ⁴)
420 4779 501 4851 Apud
520 4779 651 4850 Bevereg.
671 4777 748 4846 Tom,
767 4776 799 4831 11.
820 4793 881 4848 pag.
901 4775 965 4834 bl.'
