3464 5366
787 387 829 453 89

181 610 248 676 bita
270 615 333 691 est,
356 608 541 697 imperante
564 607 783 677 Constantino
806 615 841 676 et
863 609 935 698 ejus
960 615 1065 676 matre
1087 608 1193 687 Irene,
1217 613 1421 762 congreffiata

179 696 388 776 asoxcantis
410 717 490 766 sexa
516 696 588 764 'uta
610 697 721 766 tribus
754 696 882 766 sanctis
926 697 1095 766 Patribus.
1137 695 1302 766 Pmeerat
1367 694 1422 763 uio

179 784 348 880 Adrianus
370 783 462 876 Papa
539 805 620 852 mae.

511 960 1090 1051 OctavaSynodns.

272 1093 396 1164 Sancta
419 1097 454 1162 et
477 1100 595 1163 octava
618 1093 835 1164 Oeoumenioa
857 1095 1014 1186 Synodua
1042 1097 1268 1162 trecentorum
1312 1095 1423 1160 octua-

178 1181 274 1270 ginta
296 1187 487 1251 sanctornm
509 1182 659 1251 Petrum.
682 1183 838 1252 Aderant
859 1181 1009 1252 Joauues
1031 1182 1123 1272 Papa
1145 1181 1272 1250 Romae
1294 1185 1357 1248 etc.

179 1363 212 1458 §-
240 1359 308 1444 69.
336 1359 565 1444 Conclusio
593 1385 647 1444 ex
674 1361 956 1465 praecedenti
984 1358 1256 1443 confessione
1282 1354 1424 1440 Eccle

179 1485 269 1569 siae
296 1485 502 1584 Graecae,
531 1486 585 1574 de
612 1487 866 1592 Magisterio
892 1486 1017 1569 Petri
1044 1488 1089 1568 et
1124 1505 1423 1568 successorum

750 1638 858 1718 eJus.

272 1753 400 1839 Quodsi
424 1755 532 1843 igitur
553 1757 705 1826 Ecclesia
728 1759 921 1842 Orientalis,
947 1763 1060 1827 avitae
1082 1779 1162 1826 suae
1199 1755 1278 1824 fidei
1314 1754 1425 1823 ortho-

179 1842 283 1911 doxae
306 1843 521 1912 conformiter
543 1846 692 1929 Petrum,
716 1848 853 1937 ejusque
876 1868 1099 1916 successorem
1122 1845 1309 1915 Romanum
1340 1843 1425 1912 Pon·

178 1929 300 1999 titirem
323 1939 454 2020 petram
476 1932 562 2016 fidei,
586 1939 622 2002 et
643 1934 896 2004 fundamentum
921 1957 1021 2024 super
1044 1933 1131 2022 quod
1164 1931 1339 2002 aedificata
1373 1937 1426 1999 eat

180 2018 345 2087 catholica
367 2019 528 2102 Ecclesia,
552 2044 682 2111 semper
704 2024 867 2110 credidit;
890 2031 926 2091 et
958 2023 1033 2091 ideo
1061 2045 1122 2092 uec
1178 2029 1270 2088 ortas
1304 2018 1426 2088 inferni

177 2105 339 2176 adversus
362 2129 433 2176 eam
456 2110 702 2198 praevalituras
725 2113 759 2178 iu
783 2118 966 2194 aeternum,
988 2111 1067 2200 quia
1089 2044 1240 2178 Eooiesia
1284 2106 1426 2176 fundata

179 2201 230 2262 est
251 2217 354 2285 super
376 2195 460 2264 hano
482 2196 562 2265 fidei
584 2205 735 2287 petram*
748 2200 951 2286 Petrumque
973 2210 1009 2267 et
1030 2219 1236 2267 successores
1259 2196 1331 2282 eius
1354 2217 1425 2286 spe·

179 2281 254 2351 ciali
278 2283 429 2352 oratione
452 2284 579 2353 Christi
604 2287 789 2356 obtinuisse
811 2288 934 2356 donum
970 2287 1173 2355 inerrantiue
1208 2287 1243 2351 in
1277 2283 1351 2365 lide,
1385 2290 1425 2352 ut

179 2370 415 2440 confirmarent
437 2373 562 2442 fratres
586 2397 684 2461 suos;
708 2398 773 2462 qua
795 2376 930 2444 inconse
953 2375 1078 2456 uentia,
1123 2374 1190 2442 imo
1234 2372 1425 2440 temeritate

180 2469 395 2614 ριιεειὲιὲιιηι
433 2460 628 2620 ῗοοξῖεἰιοῖ
642 2464 928 2619 subtillagisteriot
950 2465 1041 2618 Eetii
1069 2463 1275 2615 constitut&
1298 2481 1426 2526 errores

181 2569 267 2617 circa
337 2570 388 2614 em
411 2569 430 2616 a
454 2571 521 2616 sorr
545 2571 599 2617 ere
650 2573 705 2618 cer
722 2574 750 2632 e,
774 2576 803 2619 ει
827 2575 864 2620 ca
887 2576 911 2621 u
981 2573 1119 2619 coesrae
1149 2573 1185 2616 ιιι
1275 2569 1427 2616 eerrare

178 2639 303 2724 posset,
326 2641 408 2704 tunc
430 2637 530 2706 valde
551 2638 780 2728 imperfectam
813 2576 998 2708 Ecoiiesiam
1029 2638 1184 2708 Christus
1229 2635 1425 2722 fundasset,

179 2745 270 2792 error
292 2725 381 2792 euim
404 2724 534 2814 Capitis
557 2729 644 2794 eirca
666 2727 764 2796 fidem
787 2729 954 2797 intutum
977 2749 1097 2816 corpus
1118 2724 1290 2795 Ecclesiae
1325 2722 1428 2791 dima-

179 2818 283 2894 naret,
307 2812 397 2901 quod
417 2813 578 2882 absonum
601 2819 664 2896 est,
687 2823 722 2884 et
744 2838 782 2883 sa
805 2817 929 2885 ientioe
952 2815 1143 2885 fundatoris
1165 2812 1336 2882 Ecclesiae
1344 2810 1429 2880 DEI

178 2900 365 2968 adversum.
388 2899 436 2968 Et
457 2904 570 2971 tamen
593 2901 744 2972 Ecclesia
816 2903 1137 2995 nstantiuopolitana
1180 2924 1247 2969 non
1291 2907 1429 2968 veretur

179 2986 371 3056 Catholicae
393 2988 517 3058 Christi
541 2990 713 3060 Ecclesiae
736 3014 894 3080 oggerere
916 3014 988 3060 eam
1019 3013 1142 3072 errare,
1187 3011 1261 3058 oum
1306 2987 1426 3058 docet:

179 3075 341 3165 Spiritum
364 3075 524 3146 Sanctum
548 3080 693 3146 a.Patre
715 3080 851 3167 filioque
869 3081 1076 3171 procedere¹i
1098 3080 1250 3164 huncque
1281 3098 1426 3145 errorem

180 3162 413 3266 dogmaticum,
436 3165 653 3256 principalem
676 3169 844 3237 scissionis
867 3169 1093 3237 Ecclesiamm
1117 3188 1249 3236 causam
1295 3166 1427 3253 fuisse;

180 3273 258 3341 quan
279 3253 456 3340 recogitet,
479 3253 580 3342 hujus
603 3255 774 3325 doctrinae
796 3258 830 3324 S.
854 3256 996 3324 Paulum
1019 3254 1218 3346 Apostolum
1242 3259 1277 3321 et
1313 3252 1425 3322 Evan-

178 3339 301 3428 gelium
324 3346 493 3408 auctorem
516 3364 598 3410 esse.
621 3343 655 3411 S.
677 3343 805 3413 Paulus
827 3345 861 3411 in
884 3345 1041 3447 Epistola
1063 3343 1107 3412 ad
1129 3342 1273 3412 Galatas
1294 3341 1374 3432 Cap.
1390 3343 1422 3408 4.

180 3450 210 3494 v.
232 3428 285 3496 6.:
310 3428 428 3510 „Misit
448 3427 580 3498 DEUS.
602 3431 662 3513 ait,
685 3431 847 3520 Spiritum
869 3432 933 3500 filia
955 3433 1052 3500 suiiu
1076 3430 1175 3500 corda
1198 3435 1312 3498 vestra
1356 3429 1425 3498 ela·

180 3522 336 3586 mntem:
346 3515 635 3598 Abba‚Paterl¹‘et
643 3519 717 3608 ipsa
725 3519 1251 3590 EcclesiaOrientalisconfitetur
1260 3517 1424 3607 Spiritum

178 3601 338 3674 Sanctum
358 3604 410 3673 ita
432 3627 505 3674 esse
527 3603 689 3696 Spiritum
712 3607 804 3691 Filii,
828 3609 917 3678 sieut
939 3615 993 3676 est
1014 3609 1138 3691 Patris,
1160 3607 1197 3675 iu
1241 3607 1326 3675 Ritu
1371 3605 1425 3674 de·

179 3691 370 3762 iunctorum
393 3700 441 3761 sic
463 3694 646 3762 orationem
670 3696 912 3764 concludendo:
937 3696 1047 3780 „Quia
1081 3702 1121 3765 tu
1157 3717 1193 3762 es
1223 3695 1424 3764 resurreetio

179 3787 213 3849 at
234 3781 320 3863 vita,
343 3786 380 3850 et
400 3783 533 3871 requies
554 3782 706 3851 defuncti
745 3785 908 3852 servitui
931 3784 1067 3852 Christe
1090 3783 1210 3851 DEUS
1241 3787 1366 3860 noster.
1390 3788 1426 3851 et

179 3868 242 3937 tibi
264 3869 408 3957 gloriam
431 3870 627 3951 exaltamus,
651 3893 724 3939 cum
748 3893 796 3952 eo,
820 3873 876 3960 qui
900 3879 953 3939 est
976 3873 1048 3941 sine
1070 3872 1231 3962 principio
1242 3873 1345 3939 Patre
1353 3875 1424 3955 tuo,

180 3963 213 4026 at
234 3957 428 4026 vivificante
450 3958 474 4026 S
498 3958 581 4026 iritu
605 3959 728 4026 Sancto
751 3965 810 4026 tuo
833 3969 978 4028 nuncet
1006 3961 1042 4029 in
1065 3957 1424 4028 saeculasaeculorum.

179 4047 320 4114 Amen.“
344 4043 437 4132 Ergo
460 3981 609 4134 &initus
631 4046 775 4115 Sanctus
798 4053 852 4116 est
873 4048 1019 4136 Spiritus
1040 4048 1123 4117 Filii
1146 4047 1234 4116 sieut
1256 4048 1423 4128 etPairis,

180 4154 275 4222 quem
298 4133 409 4201 Filius
432 4134 526 4202 misit
549 4156 568 4201 a
591 4135 694 4202 Patre
716 4136 959 4224 procedentem,
982 4137 1080 4204 Joan.
1104 4136 1141 4205 C.
1165 4135 1216 4202 16.
1241 4158 1271 4204 v.
1295 4135 1336 4216 7.,
1375 4143 1425 4202 at·

181 4243 243 4311 quo
267 4241 363 4308 quem
386 4221 489 4289 Pater
512 4223 614 4290 etiam
636 4223 730 4290 misit
753 4223 916 4312 Spiritum
946 4224 1029 4292 Filii
1051 4225 1115 4305 sui,
1138 4222 1277 4314 proinde
1298 4223 1340 4290 ab
1364 4222 1427 4292 hoc

181 4330 311 4399 quoquo
331 4309 574 4398 procedentem,
599 4333 663 4378 uon
687 4317 800 4379 tamen
823 4313 961 4392 duobus,
985 4311 1044 4379 sed
1065 4334 1131 4378 uuo
1154 4310 1335 4402 principio;
1360 4334 1425 4402 quo

180 4403 334 4487 respectu
357 4397 441 4464 dixit
464 4398 644 4467 Christus:
667 4399 762 4486 „Ego
786 4407 821 4467 et
843 4401 946 4468 Pater
968 4421 1070 4467 uuum
1083 4399 1324 4480 sumus,omuie
1340 4420 1427 4488 quae

182 4485 282 4552 habet
305 4484 408 4551 Pater
430 4507 502 4553 mea
524 4494 614 4567 sunt,
637 4496 697 4575 pro
723 4495 814 4555 terea
837 4488 926 4556 dixi:
950 4488 1027 4576 quia
1050 4486 1091 4554 da
1122 4507 1193 4553 meo
1216 4485 1366 4575 accipiet,
1389 4493 1427 4557 et

182 4572 401 4642 annunciabit
422 4573 518 4640 vobis
531 4584 560 4660 ;·‘
586 4575 667 4656 sive,
692 4511 793 4644 iubet
816 4577 918 4648 Pater
945 4573 1108 4665 Spiritum
1153 4573 1321 4656 Sanctum,
1367 4574 1426 4644 sed

259 4751 276 4818 ¹)
295 4751 364 4807 Vide
382 4751 564 4823 Procopovits
583 4753 727 4808 Tractatus
747 4755 781 4808 de
789 4751 969 4808 Processioue
978 4751 1097 4822 Spiritus
1107 4749 1208 4806 Sancti.
1219 4749 1332 4806 Golhae.
1346 4747 1424 4806 1772.
