3476 5366
810 377 945 478 ‘aas

294 595 368 664 Non
392 596 470 661 item
503 614 541 660 ec
563 615 660 663 seusu
694 594 911 682 intilligenda
944 602 1006 678 est,
1040 599 1133 686 quasi
1163 597 1240 686 jura
1273 595 1539 685 possessionaria

292 681 462 750 Ecclesiae
484 703 564 748 suae
588 681 641 748 vel
663 681 823 750 Beneficii
860 683 1011 752 inlitam
1045 706 1154 752 coram
1178 684 1330 772 legitimo
1349 683 1463 772 judice
1487 683 1542 751 dc·

290 769 393 838 'ducta
414 791 475 858 per
496 792 533 836 se
554 770 644 856 ipsos
666 769 862 840 Beneficiati
891 772 980 840 tueri
1010 779 1045 840 et
1079 772 1255 842 defendere
1286 771 1541 859 obligarentur;

293 857 424 946 quotics
446 857 533 924 enim
556 856 637 923 talis
659 880 756 926 casus
779 862 933 941 occurrit,
956 883 1016 928 seu
1038 859 1116 927 dum
1135 861 1213 948 jura
1236 860 1394 929 ecclesiae
1423 864 1458 928 et
1479 859 1541 928 Be-

292 945 403 1013 neficii
425 944 565 1033 juridice
588 944 793 1014 defendenda
817 955 907 1028 sunt,
930 948 973 1016 ad
996 969 1185 1036 supremum
1200 971 1260 1037 per
1283 947 1463 1015 dioecesim
1485 947 1541 1015 bo

293 1056 408 1101 norum
442 1054 615 1121 rerumque
649 1033 949 1103 ecclesiasticarum
992 1035 1298 1106 administratorem
1328 1035 1541 1125 Episcopum,

291 1122 527 1190 recurrendum
549 1121 683 1202 habent,
708 1122 765 1211 qui
789 1122 895 1190 medio
913 1123 1160 1192 Advocatcrum
1175 1125 1347 1214 negotium
1357 1145 1467 1193 coram
1486 1123 1540 1212 ju-

293 1209 365 1278 dice
411 1214 617 1297 coaequetur.

422 1297 530 1365 omine
553 1303 664 1364 antem
687 1298 942 1366 abalienationis
966 1302 1093 1367 vetitae
1117 1299 1324 1388 intelligitur
1346 1322 1412 1367 non
1434 1298 1543 1366 solum

292 1385 431 1452 dominii
454 1383 633 1454 translatio
657 1408 851 1476 quocunque
874 1386 977 1454 titulo
1001 1387 1100 1469 facta,
1124 1388 1183 1456 sed
1207 1394 1242 1456 et
1303 1386 1482 1455 ermutatic
1507 1392 1543 1455 et

292 1473 398 1541 omnis
421 1473 478 1540 ille
500 1482 605 1551 actus,
629 1495 688 1561 per
710 1497 807 1563 quem
829 1497 883 1542 res
914 1475 988 1563 ipsa
1022 1476 1181 1543 ccclesiae
1204 1476 1258 1544 vel
1278 1411 1440 1543 beneficio
1464 1496 1543 1563 quc·

292 1582 420 1645 cunque
443 1561 538 1629 modo
561 1560 730 1644 adimitur,
754 1563 885 1630 reditus
910 1561 1152 1644 diminuuntur,
1185 1571 1246 1631 aut
1280 1562 1420 1632 ccclesia
1442 1565 1542 1652 impe

295 1648 399 1731 ditur,
422 1650 600 1738 quominus
622 1670 659 1716 re
680 1649 741 1718 illa
763 1649 862 1740 plene
891 1656 928 1718 et
948 1650 1053 1718 libere
1075 1651 1138 1732 uti,
1152 1657 1223 1735 aut
1247 1652 1318 1741 ejus
1342 1650 1543 1718 emolumen-

292 1744 362 1804 tum
386 1743 421 1804 et
443 1744 640 1826 proventum
662 1740 832 1828 percipere
855 1744 966 1828 queat.
989 1738 1079 1807 Hinc
1101 1761 1154 1806 res
1178 1740 1336 1808 ccclesiae
1353 1761 1413 1808 nec
1430 1738 1541 1818 vendi,

291 1847 351 1893 nec
373 1825 499 1909 donari,
520 1848 579 1894 nec
602 1830 794 1911 permutari,
818 1849 878 1895 nec
900 1825 1074 1907 infeudari,
1101 1848 1161 1894 nec
1174 1827 1210 1895 in
1238 1827 1540 1917 emphytheusim)

291 1913 426 1981 concedi
448 1914 565 2001 possit
588 1911 658 1980 Nec
681 1913 761 1983 licet
779 1917 864 1983 bana
889 1920 925 1982 et
940 1935 994 1982 res
1010 1913 1255 1983 ecclesiasticas
1270 1915 1540 2004 impignorare.²)

290 2000 361 2070 Nec
384 2001 425 2067 de
446 2001 546 2069 rebus
568 2000 802 2072 ecclesiasticis
825 2002 1022 2089 transigere,
1051 2004 1130 2090 quia
1153 2008 1205 2072 est
1227 2006 1284 2071 vis
1307 2003 1350 2071 ad
1373 2002 1542 2070 abaliena·

291 2089 454 2176 tionem.³)
483 2090 555 2158 Nec
588 2089 740 2160 subditos
775 2092 1045 2178 manumitterc.⁴)
1080 2089 1151 2160 Nec
1186 2090 1324 2180 praedia
1346 2091 1383 2159 in
1403 2089 1543 2178 longius

291 2182 423 2267 tempus
446 2177 615 2265 elocarel)

292 2355 337 2440 m)
360 2357 451 2437 Item,
476 2357 563 2440 quad
599 2357 781 2420 Ecclesiam
810 2357 1036 2439 parochialem
1067 2357 1137 2420 sine
1170 2355 1300 2419 licentia
1335 2366 1458 2436 nostra,
1482 2365 1544 2421 aut

393 2486 619 2531 successorum
643 2477 832 2532 nostrorum
856 2486 920 2529 non
944 2467 1149 2550 permutabis
1175 2486 1276 2551 neque
1300 2466 1438 2532 deseres.

385 2619 450 2686 Per
473 2619 710 2689 investituram
744 2619 883 2687 ecclesia
917 2617 957 2684 fit
992 2639 1114 2707 sponsa
1135 2617 1341 2700 Beneficiati,
1366 2640 1466 2704 quem
1490 2618 1545 2688 illi

290 2707 423 2795 perfide,
449 2707 513 2774 nisi
536 2708 838 2796 perEpiscopume
868 2705 1062 2773 rationabili
1097 2728 1198 2774 causa
1232 2706 1411 2774 avincula
1434 2706 1545 2776 solva·

290 2802 358 2877 tur,
383 2795 533 2867 deserere
555 2819 620 2862 non
643 2796 732 2862 licet.
757 2794 932 2882 Qucsuper
955 2795 1129 2862 concilium
1152 2792 1338 2862 Nicaenum
1354 2794 1382 2861 Ι.
1407 2794 1545 2864 Oenone

292 2882 343 2949 16.
368 2885 508 2950 statuit:
536 2884 589 2965 ,Si
614 2883 671 2972 qui
694 2883 766 2950 sine
788 2889 942 2969 respectu
964 2887 1112 2969 agentes,
1138 2888 1174 2948 et
1196 2881 1350 2950 timorem
1371 2882 1439 2950 Dei
1462 2887 1545 2952 ante

291 2970 403 3037 oculos
426 2994 491 3039 non
514 2971 685 3052 habentes,
711 2992 815 3055 neque
848 2969 1073 3038 ecclesiastica
1104 2973 1237 3036 statuta
1259 2971 1406 3038 scientes
1425 2973 1468 3038 ab
1493 2993 1545 3039 cc-

291 3057 393 3125 clesia
415 3081 476 3125 sua
498 3057 695 3127 recesserint
719 3058 790 3125 sive
813 3057 1021 3146 Presbyteri,
1046 3057 1118 3125 sive
1140 3056 1290 3140 Diaccni,
1315 3058 1351 3125 hi
1374 3080 1545 3148 nunquam

290 3146 393 3234 recipi
417 3146 594 3214 debentia
619 3146 767 3227 ecclesia,
791 3145 850 3214 sed
873 3168 947 3213 cum
972 3145 1061 3212 cmni
1085 3146 1286 3213 necessitate
1309 3149 1483 3233 cogantur,
1501 3152 1544 3214 ut

290 3233 430 3303 redeant
452 3234 494 3302 ad
517 3234 674 3302 ecclesias
696 3257 783 3315 suas,
818 3239 878 3301 aut
903 3236 931 3300 si
965 3234 1211 3320 permanserint
1242 3234 1544 3302 excommunicatos

291 3344 347 3389 eos
370 3345 442 3390 esse
465 3328 625 3412 oportet‘
649 3323 727 3389 Duo
759 3327 871 3388 autem
894 3321 929 3387 in
954 3321 1015 3388 hac
1037 3320 1282 3408 pollicitatione
1310 3321 1543 3404 includuntur,

191 3417 194 3420 ’
292 3410 326 3496 1)
350 3410 493 3478 desertio
516 3411 732 3500 possessionis
752 3432 811 3498 per
843 3409 1027 3496 longiorem
1059 3408 1248 3486 inconsulto
1270 3409 1445 3499 Episcopo,
1469 3409 1545 3480 aive

291 3499 363 3566 sine
381 3498 517 3565 licentia
540 3500 611 3584 ejus
635 3499 830 3565 absentiam.
856 3498 890 3581 2)
915 3496 1098 3563 Abdicatio
1126 3496 1221 3564 tituli
1245 3502 1279 3564 et
1303 3497 1409 3564 omnis
1442 3497 1542 3585 juris.

292 3584 409 3668 Quoad
434 3585 522 3654 l-um
553 3587 688 3656 Oenone
726 3585 821 3654 XVI.
861 3584 1002 3653 Consilii
1026 3583 1234 3652 Sardicensis
1268 3588 1453 3653 statuitur:
1489 3585 1544 3666 Ne

291 3683 505 3763 praesumant
524 3674 721 3762 Presbyteri
734 3679 769 3740 et
793 3673 933 3739 Disccni
957 3673 1048 3739 ultra
1083 3678 1153 3738 tres
1176 3672 1380 3761 septimanas
1402 3696 1541 3760 gregem

291 3785 387 3830 suum
410 3760 577 3848 deserere;
602 3761 710 3847 quoad
733 3761 855 3840 ddum,
878 3761 994 3827 totalis
1005 3759 1212 3828 renunciatio
1234 3761 1386 3828 beneficii
1408 3761 1544 3829 nonnisi

292 3874 309 3919 e
331 3850 587 3918 rationabilibus
610 3852 717 3918 causis
740 3871 799 3938 per
821 3849 1023 3936 Episcopum
1042 3847 1208 3934 acceptari
1232 3854 1352 3935 potest,
1377 3870 1461 3937 quas
1484 3847 1541 3916 In-

291 3940 464 4009 nocentius
487 3938 552 4007 ΠΙ.
577 3939 654 4027 Cap.
679 3937 709 4003 9.
735 3947 768 4003 et
793 3936 843 4002 10.
869 3936 909 4002 de
932 3936 1198 4002 Renunciaticne
1232 3945 1414 4018 enumerat,
1451 3936 1544 4005 inter

291 4050 372 4117 quas
396 4036 506 4095 tamen
531 4026 718 4095 consecutio
741 4025 890 4092 beneficii
915 4023 1100 4112 pinguioris
1125 4047 1190 4088 non
1214 4025 1378 4110 occurrit;
1416 4024 1481 4090 imo
1506 4025 1538 4093 si

291 4117 366 4204 quis
388 4116 537 4203 legitime
560 4118 702 4184 sortitus
725 4120 777 4180 est
799 4113 1166 4200 ecclesiam,etquaerit
1179 4113 1382 4181 occasionem
1405 4119 1445 4180 ut
1469 4135 1542 4180 eam

369 4318 386 4387 ¹)
405 4317 621 4390 Emphytheusis
639 4319 690 4384 est,
709 4315 774 4370 dum
792 4312 832 4368 rei
851 4312 966 4381 alicujus
985 4309 1053 4391 utile
1072 4309 1227 4393 dominium
1235 4311 1271 4365 ad
1289 4314 1407 4395 tempus,
1429 4311 1538 4382 velpro

291 4392 423 4515 perpe&
443 4390 568 4516 trapitur,
594 4404 661 4458 erga
695 4404 812 4458 pensum
840 4385 869 4440 in
888 4385 1106 4452 recogmtrcnem
1131 4399 1203 4451 puras
1221 4383 1379 4440 domanahs,
1401 4382 1466 4440 Can,
1492 4383 1538 4440 52,

315 4476 386 4635 ⁸⁸2)
405 4478 465 4588 ld]
481 4505 525 4589 si.
546 4533 624 4589 1567.

367 4603 387 4744 ‘l
405 4601 434 4730 d
452 4605 479 4730 d.
497 4609 531 4730 dg
545 4604 852 4732 debleecTcllldlienend.
872 4675 917 4758 vel
937 4690 998 4730 non.

366 4747 386 4817 ⁵)
404 4749 550 4818 &bereg
571 4752 605 4804 de
624 4749 691 4804 Reb.
713 4749 783 4805 Eccl.
804 4765 860 4804 non
880 4744 1017 4803 abenand.
