3468 5368
798 353 915 460 23-

190 577 348 646 adulterii
370 598 432 644 nec
454 574 545 664 apud
567 575 695 644 Graeco
719 577 909 645 Catholicos
931 576 1019 644 solvi
1042 599 1146 680 posse,
1171 576 1329 665 quoniam
1352 601 1438 648 com-

191 688 285 732 mune
308 671 361 734 est
384 663 491 732 totius
513 663 686 731 Ecclesiae
709 665 893 733 catholicae
917 665 1127 755 principium,
1164 667 1372 754 Apostolica,
1399 675 1433 736 et

189 753 393 841 Evangelica
416 757 517 840 atque
540 751 714 820 Catholica
738 752 900 834 doctrina,
924 777 983 821 seu
1007 754 1127 840 dogma
1149 754 1341 822 Ecclesiae:
1366 756 1435 822 Ma·

191 841 379 910 trimonium
402 849 512 907 ratum
536 846 572 907 et
594 846 858 908 consummatum
903 841 1034 908 nonnisi
1059 848 1164 908 morte
1199 843 1294 909 solvi.
1332 843 1437 932 (Vide

189 929 351 998 Canonem
376 928 505 994 44·tum
528 929 768 1018 Apostolorum
792 935 826 995 et
851 930 1015 996 113-tium
1037 929 1361 1018 Carthaginensem)
1386 929 1437 998 Si-

189 1018 315 1085 militer
336 1017 371 1085 in
394 1017 609 1083 Matrimonia
631 1025 706 1084 rato
731 1023 765 1084 et
795 1022 1031 1098 consummato,
1063 1025 1220 1085 neutrum
1256 1019 1434 1106 conjugum

187 1105 307 1174 hahere
329 1111 532 1194 potestatem
555 1105 679 1193 absque
702 1105 843 1172 alterius
867 1129 1028 1173 consensu
1051 1106 1289 1194 professionem
1322 1108 1436 1173 Mona·

187 1194 305 1262 stiuam
327 1192 491 1272 eliciendi,
517 1193 596 1280 quia
619 1200 796 1260 estcontra
818 1200 951 1282 pactum
975 1217 1034 1261 sen
1058 1194 1110 1281 jus
1133 1195 1296 1262 naturale.
1317 1194 1377 1262 Ad
1382 1195 1396 1283 j

187 1305 356 1350 commune
377 1287 532 1370 spectant
554 1281 656 1348 etiam
679 1282 824 1348 Decreta
847 1281 1077 1371 disciplinaris
1099 1282 1438 1370 persummosPonti-

187 1371 264 1438 lices
286 1392 346 1458 pro
369 1375 444 1436 tota
467 1369 618 1436 Ecclesia
640 1370 823 1458 publicata,
848 1383 948 1456 prout
971 1371 1072 1436 etiam
1105 1371 1289 1437 decisiones
1325 1370 1437 1438 curiae

186 1461 355 1526 Romanae
377 1457 413 1524 iu
436 1457 601 1546 expressis
624 1465 659 1525 et
681 1458 833 1544 analogia
856 1459 988 1524 casibus
1012 1458 1103 1547 (vide
1127 1460 1144 1544 ἕ
1168 1458 1236 1544 31).
1275 1457 1311 1525 Si
1352 1481 1437 1547 quae

186 1552 296 1615 autem
320 1544 591 1634 disciplinatam
614 1547 761 1614 Graecae
785 1568 884 1634 quam
906 1546 1049 1613 Latinae
1061 1545 1233 1612 Ecclesiae
1250 1546 1433 1634 singularis

186 1640 247 1704 aut
267 1634 402 1724 propria
426 1640 488 1714 est,
513 1655 551 1700 aa
573 1655 632 1722 per
655 1631 804 1700 sanctam
828 1634 938 1700 sedem
962 1633 1193 1722 Apostolicam
1217 1635 1437 1722 subpositiva

186 1722 380 1811 adprobata,
404 1729 551 1788 autnon
576 1722 755 1810 reprobata
779 1742 850 1788 esse
875 1722 991 1806 debet;
1014 1722 1232 1810 quodcunque
1245 1723 1331 1788 enim
1347 1722 1434 1790 idem

185 1832 332 1879 summus
355 1809 526 1877 Ecclesiae
549 1810 669 1876 Pastor
694 1818 727 1875 et
750 1810 876 1876 Rector
907 1833 972 1877 non
1002 1811 1205 1899 probaverit,
1245 1810 1364 1898 regula
1401 1810 1436 1876 in

186 1899 336 1967 Ecclesia
359 1921 431 1964 esse
455 1921 519 1964 non
535 1904 657 1986 potest.
682 1896 775 1964 Idem
798 1899 891 1963 valet
914 1899 1015 1964 etiam
1040 1899 1081 1965 de
1118 1899 1434 1984 consuetudinibus;

184 1988 383 2078 reprobatae
405 1987 491 2054 enim
514 2008 573 2074 per
596 2009 760 2053 summum
783 1986 977 2054 Pontificem
1001 1987 1258 2054 consuetudines
1280 2009 1341 2075 pro
1360 1989 1435 2054 abo·

185 2077 257 2144 litis
281 2074 541 2142 considerandae
566 2080 655 2141 sunt.

280 2208 314 2296 5)
339 2207 622 2290 Quemadmodum
646 2206 741 2273 sedes
764 2207 962 2296 Apostolica
985 2229 1049 2274 non
1073 2207 1266 2288 intermisit,
1305 2206 1436 2292 quoties

185 2295 309 2363 rationi
334 2301 593 2362 consentaneum
615 2296 761 2382 putavit,
787 2301 848 2362 aut
870 2295 1055 2362 adsciscere
1077 2297 1113 2362 in
1136 2297 1327 2364 universam
1371 2294 1435 2361 La-

185 2385 290 2451 tinam
313 2383 497 2450 Ecclesiam
521 2383 634 2463 Ritus,
658 2383 715 2468 qui
738 2383 781 2450 ad
804 2384 967 2453 Graecam
989 2383 1175 2451 Ecclesiam
1209 2384 1434 2473 pertinebant,

185 2479 245 2539 aut
289 2471 471 2551 ermittere,
495 2479 535 2538 ut
557 2471 743 2559 peculiares
766 2471 900 2557 quidam
923 2472 1027 2539 Ritus
1051 2478 1086 2538 et
1099 2473 1339 2553 observantiae,
1352 2494 1437 2556 quae

185 2561 226 2628 ab
299 2557 402 2627 clesia
425 2560 554 2629 Graeca
577 2565 765 2640 manarunt,
790 2559 824 2626 in
849 2560 1005 2626 nonnulis
1014 2560 1148 2626 Latinis
1157 2561 1319 2628 Ecclesiis
1328 2561 1436 2628 obser·

186 2652 398 2736 vacuatur)
423 2639 695 2732 quemadmodum
718 2649 853 2733 inquam
876 2647 1028 2714 Ecclesia
1052 2648 1177 2714 Latina
1223 2647 1319 2737 plura
1343 2670 1363 2714 a
1387 2671 1436 2714 so-

185 2759 257 2806 rore
279 2735 434 2804 Ecclesia
458 2735 596 2816 Graeca,
621 2758 693 2801 cum
718 2736 958 2824 approbatione
982 2759 1006 2800 s.
1032 2736 1121 2802 sedis
1145 2736 1361 2825 Apostolicae
1380 2737 1436 2803 ad-

186 2824 327 2914 optavit,
349 2824 401 2891 ita
422 2823 574 2892 Ecclesia
610 2823 737 2891 Graeco
771 2823 956 2904 Catholica,
993 2833 1145 2892 cessante
1191 2846 1249 2914 per
1283 2823 1435 2906 Schisma

185 2914 387 2982 Graecorum
410 2911 624 2999 legislatione
648 2910 857 3000 disciplinari
879 2912 1024 3000 propria,
1060 2934 1133 2979 cum
1168 2911 1365 3000 praehabita
1396 2934 1436 2979 ex

185 3000 357 3070 Catholica
381 3002 510 3082 unione,
534 3021 594 3089 pro
617 3000 903 3088 progredientium
937 3011 1124 3089 temporum
1159 3001 1434 3080 circumstantiis,

208 3111 242 3156 ro
264 3088 438 3156 ulterioris
462 3089 553 3155 vitae
576 3110 655 3154 suae
678 3087 936 3155 Ecclesiastioae
960 3089 1151 3156 evolutione
1173 3088 1265 3155 haud
1289 3088 1437 3156 sufficie·

184 3113 274 3257 lant,
320 3198 340 3243 a
364 3198 475 3244 sorore
498 3175 650 3244 Ecclesia
674 3176 798 3242 Latina
820 3176 920 3265 plura
942 3175 1103 3265 adoptare
1127 3194 1273 3244 necesse·
1305 3177 1435 3257 habuit,

185 3267 272 3333 sicut
293 3273 366 3332 est:
392 3264 510 3331 electio
534 3264 664 3331 Vicarii
701 3263 907 3352 Capitularis
944 3265 1021 3332 sede
1054 3265 1265 3353 Episcopali·
1282 3271 1434 3332 vacante.

185 3353 372 3422 Celebratio
395 3352 604 3441 Syncdorum
627 3353 917 3433 Dioecesanarum,
930 3375 1003 3420 cum
1016 3353 1127 3421 Codex
1138 3352 1310 3420 Ecclesiae
1321 3354 1436 3420 Orien-

184 3441 263 3510 talis
286 3447 421 3508 tantum
445 3441 485 3507 de
508 3439 655 3529 Synodis
678 3440 917 3530 Episcoporum
938 3464 997 3507 seu
1018 3441 1290 3527 Metropolitanis
1313 3448 1348 3507 et
1371 3441 1438 3507 Pa-

184 3529 421 3597 triarchslibus
444 3535 536 3615 agat.
561 3528 611 3594 De
634 3528 802 3616 Capitulis
825 3529 1050 3596 Ecclesiarum
1074 3529 1337 3610 cathedralium,
1353 3528 1433 3595 alia-

184 3641 256 3706 que,
302 3639 389 3702 quae
412 3617 473 3684 hoc
497 3617 605 3706 Opere
629 3618 763 3683 uberius
787 3640 826 3684 ex
851 3624 1004 3699 ocantur,
1029 3639 1232 3702 consequens
1267 3623 1328 3697 est,
1353 3617 1434 3683 haec

184 3728 311 3794 quoqne
335 3705 379 3772 ad
401 3727 606 3772 communem
629 3705 804 3790 utriusque
826 3642 998 3773 Ecclesiae
1022 3706 1235 3794 disciplinam
1269 3709 1431 3792 spectare,

183 3816 276 3882 quae,
300 3817 340 3862 ex
362 3792 534 3862 Ecclesiae
557 3791 704 3860 Graecae
724 3794 867 3882 privatis
892 3795 1042 3860 fontibus
1065 3818 1140 3873 non,
1164 3793 1223 3860 sed
1257 3814 1298 3860 ex
1321 3792 1435 3860 Eccle·

181 3883 251 3950 siae
272 3881 417 3949 Latinae
440 3881 552 3948 codice
575 3889 609 3946 et
644 3881 856 3968 legislatione
890 3883 1112 3950 innotescunt.
1160 3882 1256 3948 Hanc
1295 3880 1435 3968 proinde

181 3969 310 4040 Graeco
333 3969 517 4038 Catholicis
540 3991 675 4036 noscere
698 3991 866 4036 necessum
892 3979 955 4050 est,
980 3971 1112 4037 etiamsi
1135 3969 1226 4054 leges
1242 3967 1434 4056 discipliua-

181 4081 236 4126 res
280 4080 318 4125 ro
338 4056 484 4124 Ecclesia
507 4056 632 4123 Latina
655 4063 755 4138 latae,
779 4066 899 4145 suapte
933 4058 1044 4126 indole
1080 4059 1208 4128 Graeco
1242 4056 1434 4124 Catholicae

180 4082 279 4213 haud
295 4146 455 4234 obligent,
481 4147 546 4212 nisi
568 4167 635 4226 eae,
660 4145 731 4212 si've
755 4168 908 4234 expresse
932 4146 1010 4214 dum
1032 4149 1198 4225 feruntur,
1212 4145 1435 4232 sivepostmo·

181 4233 261 4300 dum
283 4232 508 4323 peculiaribus
531 4239 667 4301 sanctae
690 4233 779 4301 sedis
804 4235 1018 4322 Apostolicae
1053 4234 1193 4302 decretis
1225 4232 1327 4299 etiam
1372 4255 1432 4320 pro

180 4323 312 4393 Graeco
335 4320 519 4392 Catholicis
539 4321 820 4411 praescribantur.
848 4323 895 4390 Et
917 4323 991 4390 ideo
1014 4324 1077 4390 hcc
1111 4343 1208 4410 opere
1243 4322 1343 4386 etiam
1379 4342 1429 4386 co-

180 4411 288 4478 dicem
310 4409 481 4478 Ecclesiae
503 4409 649 4476 Latinae
672 4413 936 4500 complectemur,
961 4417 999 4478 ut
1024 4412 1141 4480 Clerus
1165 4409 1294 4478 Graeco
1313 4408 1431 4476 Catho-

263 4681 281 4750 ¹)
301 4681 438 4738 Benedici.
460 4680 527 4738 XlV.
551 4682 690 4746 ‚Allulae‘
714 4681 759 4734 Nr.
782 4681 823 4734 28.
