3426 5368
708 361 912 465 ..dli-.-

237 585 318 646 sunt
341 580 493 646 ordinare
516 582 802 666 investigationes,
827 603 911 670 quae
935 584 976 646 ad
996 583 1211 668 proceduram
1223 583 1337 665 quoad
1353 603 1427 668 pro·

178 601 329 734 bibiones
352 667 578 757 complendam
601 669 806 736 necessariae
828 668 911 758 ipsis
935 667 1116 754 videntur;
1163 668 1285 757 quibus
1334 668 1429 735 intra

176 753 358 842 praefixum
381 756 558 822 terminum
582 756 756 844 praestitis
780 778 953 845 processus
977 778 1035 844 pro
1060 754 1227 836 concluso,
1265 761 1300 822 et
1325 776 1428 822 eausa

179 863 236 930 pro
258 845 422 910 sententia
444 843 581 911 ferenda
606 850 738 911 matura
761 853 796 912 et
818 843 1012 932 qualificata
1041 847 1294 932 pronunciatur.

274 934 370 999 Nota.
394 930 476 998 Cum
499 931 688 1000 sententiae
710 932 746 998 in
768 933 878 999 causis
903 931 1207 998 matrimonialibus
1249 931 1429 998 vinculari·

176 1015 238 1084 bus
261 1040 430 1108 nunquam
453 1019 576 1088 abeant
598 1023 632 1086 in
655 1041 725 1087 rem
761 1018 957 1106 judicatam,
993 1017 1255 1106 quandocunque
1286 1019 1428 1086 liberum

176 1113 237 1186 eet,
261 1107 363 1173 etiam
386 1114 464 1196 post
488 1107 591 1175 latam
613 1111 647 1174 in
671 1108 743 1175 foro
767 1107 989 1196 appellatorio
1035 1127 1166 1197 quoque
1211 1107 1427 1188 sententiam,

176 1193 314 1262 idoneas
330 1197 451 1284 probas
474 1217 534 1284 pro
556 1195 672 1263 valore
697 1195 901 1263 matrimonii
923 1193 1116 1283 producere.

253 1373 289 1468 ξ.
320 1372 416 1454 215.
445 1373 509 1454 De
536 1372 757 1455 sententia
784 1372 832 1454 in
859 1373 1003 1455 causis
1031 1372 1347 1455 vincularibus.

273 1494 437 1563 Conclusa
459 1518 615 1585 processu
638 1497 840 1650 probatorio,
864 1497 1100 1585 praestitisque
1125 1497 1277 1564 omnibus
1293 1496 1334 1561 de
1353 1495 1429 1584 jure

176 1588 220 1685 et·
233 1581 457 1690 instructione
480 1591 637 1672 praestan
663 1586 701 1665 is,
725 1591 826 1674 atque
849 1591 920 1650 tam
938 1586 1096 1738 partibus
1115 1583 1429 1688 quam-vinculisqu-

176 1671 379 1738 trrmonralrs
403 1671 577 1740 defensore
601 1693 734 1739 causam
757 1696 818 1761 pro
842 1672 934 1741 feren
960 1695 978 1738 o
1002 1672 1098 1738 finali
1121 1671 1247 1760 ludicro
1292 1672 1430 1738 submit·

175 1760 338 1841 tentibus,
361 1759 509 1827 tribuual
533 1759 778 1827 matrimoniale
809 1761 852 1826 ad
897 1759 1182 1849 pronunciandam
1226 1759 1430 1828 sententiam

176 1845 312 1914 finalem
337 1855 586 1916 controversum
609 1848 859 1915 matrimonium
882 1848 1033 1917 validum
1056 1854 1115 1916 aut
1137 1847 1322 1915 invalidum
1357 1870 1430 1916 esse

175 1935 355 2024 procedere
377 1933 485 2017 debet,
511 1936 637 2025 hocque
660 1959 759 2024 scopo
782 1937 977 2004 irrotulatis
1001 1936 1087 2004 actis
1110 1957 1169 2004 seu
1192 1939 1225 2002 in
1236 1959 1339 2004 unum
1362 1958 1430 2003 cor·

175 2045 239 2177 pus
260 2045 381 2091 causae
401 2024 546 2092 redactis
570 2026 789 2178 appositaque
812 2047 948 2092 numero
971 2024 1075 2092 rotuli
1098 2023 1133 2092 iu
1154 2024 1351 2128 ‘protocollo
1375 2046 1431 2090 ex·

200 2111 369 2192 ibitorum,
393 2134 453 2200 per
473 2112 588 2180 Praesi
614 2135 664 2180 em
688 2112 1082 2200 designatus‘Referena
1106 2134 1165 2202 qur
1210 2112 1429 2180 communiter

176 2199 422 2266 commissarius
446 2200 627 2267 tribunalis
651 2200 950 2289 adinquirendum
974 2201 1165 2290 deputatus,
1189 2223 1250 2268 seu
1272 2200 1329 2290 qui
1352 2221 1426 2289 pro·

176 2309 306 2355 cessum
329 2289 558 2377 probatorium
580 2289 745 2356 instruxit
768 2311 840 2356 esee
862 2289 959 2370 solet,
983 2295 1173 2356 extractum
1197 2309 1316 2356 causae
1354 2310 1428 2355 con·

174 2376 355 2444 scientiore
377 2375 548 2444 elaborare
571 2374 680 2458 debet,
705 2382 806 2466 atque
828 2377 864 2445 in
886 2379 1025 2444 sinistra
1069 2387 1166 2465 parte
1207 2375 1279 2444 sive
1323 2374 1431 2443 latere

176 2463 285 2532 lilirae
304 2467 454 2532 votantis
477 2465 691 2532 essentialem
713 2465 920 2555 complexum
942 2470 1238 2554 pertractaturum,
1254 2471 1290 2532 et
1312 2463 1430 2552 proba·

175 2552 307 2618 tionum
331 2551 440 2636 quoad
462 2553 632 2640 singulum
658 2554 784 2621 factum
809 2554 1047 2641 productarum
1070 2575 1144 2620 cum
1157 2552 1364 2642 praecisione
1377 2573 1430 2618 ex-

176 2639 301 2708 hibere.
325 2639 517 2708 Essentiale
541 2643 574 2708 in
599 2641 661 2709 hoc
683 2646 839 2708 extracta
862 2664 981 2709 causae
1005 2647 1057 2708 est
1080 2648 1189 2709 totum
1213 2640 1256 2721 id,
1270 2639 1358 2728 quod
1371 2661 1431 2727 pro

176 2727 338 2795 examine'
350 2728 490 2818 projecti
514 2730 702 2796 sententiae
725 2735 967 2796 momentosum
990 2735 1051 2796 est.
1076 2727 1143 2798 Sed
1188 2750 1253 2794 non
1298 2734 1431 2795 tantum

202 2816 342 2884 roducta
364 2817 465 2898 facta,
491 2839 606 2886 verum
630 2820 818 2886 contrariae
841 2818 893 2884 vel
930 2818 1102 2906 oppositae
1147 2818 1255 2906 partis
1300 2820 1431 2882 contra·

202 2903 349 2986 'ctionem
372 2905 510 2993 insuper
533 2905 604 2973 loca
629 2906 774 2974 decisiva
787 2906 1068 2986 documentorum,
1083 2904 1431 2974 etinstrumentorum

176 2998 334 3060 extracta
356 3015 476 3060 causae
499 2995 735 3082 comprehensa
757 3016 829 3061 esse
862 2994 994 3076 debent,
1040 3015 1099 3081 per
1145 3015 1229 3083 quae
1275 2995 1432 3058 volantes

176 3080 359 3147 consiliarii
382 3081 418 3147 iu
441 3088 569 3150 statum
593 3085 843 3150 constituantur
866 3104 1000 3148 eausam
1029 3081 1081 3148 ita
1126 3079 1268 3148 fundate
1314 3077 1432 3168 dijudi-

175 3169 284 3249 candi,
309 3169 353 3236 ac'
370 3168 400 3236 si
423 3170 533 3235 omnia
555 3192 675 3238 causae
698 3176 775 3238 acta
793 3169 853 3236 soli
877 3169 1108 3258 perlegissent.
1132 3168 1312 3236 Extractui
1358 3189 1434 3234 can·

176 3279 235 3323 sae
257 3255 333 3322 dein
357 3258 527 3325 subnectit
550 3257 714 3326 Referens
737 3257 922 3348 projectum
942 3259 1128 3324 sententiae
1147 3262 1291 3322 etsuum
1304 3260 1433 3334 votum,

176 3367 303 3434 suoque
325 3350 455 3412 nomine
479 3346 674 3413 subscribit.

276 3437 383 3500 Nota:
407 3433 569 3502 Referens
592 3436 723 3522 quidem
747 3433 916 3520 obligatus
939 3440 993 3501 est
1016 3436 1126 3500 omnia
1150 3435 1349 3520 argumenta
1368 3450 1434 3494 mo-

178 3526 291 3588 menta
314 3528 349 3588 et
370 3523 498 3589 motiva
521 3530 638 3588 contra
661 3522 809 3590 valorem
834 3522 1036 3588 matrimonii
1074 3524 1109 3586 in
1153 3520 1279 3587 claram
1325 3517 1431 3583 lucem

176 3609 392 3691 constituere,
417 3610 475 3678 sed
498 3611 599 3679 etiam
622 3609 738 3678 eadem
760 3615 960 3697 argumenta
982 3613 1101 3678 stricte
1123 3607 1323 3685 examinare,
1335 3610 1436 3690 atque

176 3700 225 3764 sic
246 3699 493 3765 matrimonium
516 3704 630 3766 contra
658 3722 786 3767 omnem
810 3698 1026 3767 arbitrariam
1060 3697 1304 3786 impetitionem
1327 3699 1438 3781 prote·

176 3806 266 3872 gere.
291 3785 501 3872 (Kutschker
523 3784 615 3854 Tem.
639 3785 681 3855 V.
705 3810 782 3878 pag.
806 3786 901 3875 926.)

176 3967 213 4061 ἓ·
242 3964 339 4048 216.
366 3965 431 4048 De
446 3965 568 4048 modo
581 3965 850 4049 enunciandi
863 3964 1130 4051 sententiam
1144 3958 1435 4044 vincularem.

276 4109 404 4177 Oeneae
428 4111 590 4178 Referene
636 4112 844 4179 elaboratum
880 4133 978 4179 auum
1014 4114 1085 4178 sive
1109 4111 1299 4178 extractum
1322 4119 1442 4201 causae

178 4203 214 4265 et
235 4197 420 4288 projectum
443 4200 631 4267 sententiae
651 4201 686 4266 in
710 4202 810 4289 plena
824 4201 972 4268 sessione
990 4187 1443 4287 tribunalismatrimonialrs

201 4288 353 4374 raaIegit,
377 4289 448 4375 ipsa
470 4294 583 4354 autem
606 4295 788 4377 provocata
827 4289 1027 4362 documenta
1062 4307 1152 4353 unus
1175 4303 1193 4348 e
1217 4278 1359 4364 reliquis
1382 4281 1443 4342 tn·

177 4309 312 4441 ionalis
357 4375 580 4441 assessoribus
603 4383 664 4442 aut
686 4376 795 4466 quoad
829 4376 977 4443 decisivo
1008 4375 1082 4440 loca
1107 4377 1252 4453 tantum,
1277 4373 1340 4434 aut
1366 4382 1444 4431 vero

177 4461 222 4529 ad
287 4462 449 4530 stulatum
472 4462 635 4552 praesidis
659 4474 693 4530 et
722 4464 949 4570 cujuscunrpue
979 4461 1142 4551 cojudicis
1171 4481 1234 4546 per
1267 4463 1445 4524 extensum

176 4572 349 4639 peregere
394 4550 501 4618 debet.
534 4549 629 4618 Idem
664 4554 796 4620 obtinet
841 4554 942 4618 etiam
988 4549 1099 4639 quoad
1127 4547 1168 4614 de
1194 4547 1364 4647 ositiones
1384 4558 1444 4639 seu

177 4637 342 4706 fusiones
386 4640 535 4707 testium.
566 4639 638 4707 Nec
665 4662 799 4728 praeses
834 4662 895 4706 nee
932 4639 1035 4706 etiam
1081 4637 1157 4725 coju
1182 4635 1273 4704 icum
1319 4631 1443 4730 aliquis

177 4727 434 4817 interloquatur,
458 4733 520 4795 aut
543 4735 659 4795 votum
682 4750 778 4796 suum
813 4735 993 4813 antequam
1027 4725 1109 4794 ordo
1133 4722 1176 4791 ad
1200 4724 1299 4794 illum
1324 4719 1443 4788 veniat
