3468 5368
762 293 898 398 aa„

169 511 338 580 Ecclesiae
358 511 521 580 unitatem
543 511 601 600 qui
625 534 689 579 non
714 517 817 592 tenet,
842 519 955 578 tenere
978 534 1014 579 se
1050 512 1147 578 fidem
1183 509 1317 578 crediti
1352 509 1420 592 Qui

170 599 340 668 Ecclesiae
362 599 524 666 renititur
546 604 581 666 et
603 599 745 680 resistit,
793 601 828 666 ui
851 599 1053 667 cathedram
1076 598 1180 679 Petri,
1205 619 1420 686 superquam

170 686 312 755 lundata
335 693 389 754 est
411 686 716 769 Ecclesia‚descrit,
726 688 762 753 in
814 684 1257 755 cclesiaseesseconfiditi“
1281 684 1418 772 Egressi

169 797 247 862 ergo
271 780 353 843 sunt
376 775 566 855 orientales,
589 775 663 842 sive
686 774 807 842 Graeci
830 773 1016 843 Christiani
1040 796 1058 841 e
1080 775 1207 862 gremio
1225 774 1420 842 Catholicae

170 863 349 944 Ecclesiae,
373 863 512 930 abscissi
536 870 615 930 sunt
637 885 658 928 a
681 863 790 951 capite
813 863 986 930 Ecclesiae
1008 885 1068 951 per
1096 860 1329 930 Patriarcham
1364 860 1422 929 Ce-

169 951 341 1030 rnlarium,
367 950 420 1018 cui
442 950 616 1018 schismati
638 951 863 1039 Imperatores
878 950 1242 1039 Constantinopolitani
1257 949 1322 1039 ipsi
1337 948 1423 1015 Pon-

170 1039 278 1106 tifices
301 1061 362 1106 seu
384 1037 545 1106 Rectores
568 1038 739 1106 Ecclesiae
761 1038 910 1106 Graecae
933 1038 1026 1118 facti,
1040 1038 1225 1123 favebant3
1247 1036 1422 1127 imprimis,

169 1135 346 1215 postquam
365 1126 449 1193 ditio
472 1126 624 1194 Romana
647 1149 667 1192 a
690 1127 898 1211 subjectione
919 1127 1163 1215 Imperatorum
1186 1125 1424 1194 Constantino·

171 1214 397 1302 politanorum
419 1235 479 1303 per
501 1213 657 1281 Carolum
688 1213 849 1301 Magnum
887 1215 1040 1295 liberata,
1073 1213 1232 1280 Pontifici
1270 1212 1421 1280 Romano

170 1301 299 1369 tradita
322 1306 395 1386 est;
418 1309 495 1389 post
517 1302 615 1390 qnod,
641 1303 747 1370 omnis
786 1302 1040 1371 communicatio
1071 1301 1218 1369 Graecae
1252 1300 1425 1368 Ecclesiae

171 1412 245 1458 cum
267 1389 301 1457 S.
337 1389 423 1457 Sede
456 1390 653 1478 Apostolioa
686 1391 888 1478 interrupta,
921 1412 962 1457 ac
994 1389 1069 1456 ideo
1108 1391 1210 1457 etiam
1243 1385 1425 1456 celebratio

171 1477 397 1548 conciliorum
421 1479 704 1545 oecumenicorum
725 1478 762 1545 in
784 1478 922 1544 Oriente
945 1481 1099 1558 cessavit,
1123 1478 1159 1544 in
1170 1485 1270 1544 antea
1282 1476 1426 1544 celebra-

173 1575 282 1632 torum
305 1587 380 1634 cum
403 1566 522 1632 summi
552 1565 729 1633 Pontificis
765 1566 909 1633 Romani
945 1587 1089 1633 assensu
1119 1573 1155 1632 et
1186 1564 1428 1654 approbatione

172 1653 397 1722 Conciliorum
419 1652 617 1740 dogmaticis
640 1653 866 1735 delitionibue,
905 1660 940 1721 et
974 1652 1246 1743 disciplinaribus
1281 1653 1428 1721 decretis

173 1741 360 1809 subsistens
382 1740 535 1810 Ecclesia
558 1741 696 1824 Graeca,
720 1742 801 1830 quin
824 1742 969 1809 ulterius
991 1741 1427 1830 vitam,tsmqnampalmes

174 1830 289 1933 syite
310 1829 479 1932 abscissus
502 1830 698 1896 continuare
720 1836 855 1932 possetp
875 1830 917 1897 ab
940 1851 978 1897 eo
1013 1835 1171 1918 tempore,
1203 1835 1275 1896 loco
1309 1852 1427 1932 cogno-

175 1916 908 2088 mathiltstillicidiis„
921 1939 1429 2073 ⁰⁰ttllttttt¹¹¹³tnltt

173 2027 402 2160 ffnlodoxiae
424 2115 485 2161 seu
507 2098 669 2182 puritatis
691 2094 873 2175 doctrinae,
897 2115 982 2184 quae
1005 2100 1227 2160 tamenextra
1242 2028 1429 2162 Ecclesiam

174 2180 248 2248 dari
271 2203 338 2248 non
361 2187 485 2270 potest,
509 2180 689 2250 distinctos
710 2205 732 2248 a
754 2204 835 2249 vera
869 2181 998 2250 Christi
1030 2181 1182 2250 Ecclesia
1217 2188 1333 2248 coetus
1364 2181 1431 2248 for·

175 2291 292 2336 masse.
316 2267 366 2334 Et
387 2273 416 2335 ai
438 2269 475 2335 in
497 2291 535 2336 ea
558 2269 624 2336 fide
653 2270 843 2357 glorientur
874 2270 997 2357 graeci,
1029 2290 1129 2358 quam
1162 2267 1271 2336 adhuc
1302 2271 1337 2335 in
1368 2269 1430 2336 Ec·

173 2357 278 2460 clesis
301 2355 477 2424 Catholics
500 2358 680 2459 constituti
702 2358 965 2461 acquisiverunt,
988 2357 1050 2424 illa
1069 2379 1135 2424 non
1157 2356 1291 2459 propria
1316 2362 1431 2460 coetus

173 2443 738 2622 {tatldftlrlrtiftt
751 2444 1312 2602 ttttttftttlttfflttt
1336 2444 1431 2622 itt

173 2620 321 2690 schisma
342 2620 492 2708 ipsorum
516 2644 646 2710 semper
668 2619 1145 2703 existentisdoctrinadeviat,
1159 2621 1430 2701 haeterudoxum,

173 2717 212 2776 et
231 2707 319 2775 illud
342 2706 452 2775 solum
474 2708 739 2798 illisproprium
762 2716 826 2777 est.
849 2710 896 2776 Et
918 2710 949 2777 si
983 2709 1160 2812 specialem
1192 2731 1286 2775 snam
1320 2708 1432 2776 ortho-

172 2795 307 2864 doxiam
330 2795 368 2862 in
391 2818 430 2862 eo
452 2796 671 2879 constituant,
690 2798 779 2886 quod
803 2803 927 2885 negent
949 2797 1113 2886 Spiritum
1145 2796 1305 2864 Sanctum
1329 2796 1432 2864 etiam

171 2907 193 2950 a
216 2883 306 2951 Filio
329 2883 518 2972 procedere,
550 2885 733 2954 deteriores
766 2895 847 2953 sunt
876 2885 913 2952 in
950 2885 1012 2952 hoc
1043 2886 1127 2973 ipsis
1159 2885 1364 2952 Lutheranis
1398 2891 1432 2952 ct

170 2971 397 3052 calvinianis,
422 2973 478 3060 qui
502 2979 613 3040 tamen
637 2975 757 3061 dogma
779 2973 990 3041 Catholicnm
1007 2974 1048 3040 de
1060 2974 1270 3062 processione
1283 2972 1433 3062 Spiritus

170 3060 292 3128 Sancti
316 3060 419 3126 etiam
443 3083 463 3125 a
485 3060 575 3128 Filio
597 3063 821 3143 retinuerunt,
846 3061 1062 3129 conformiter
1085 3061 1257 3128 doctrinae
1279 3061 1313 3128 S.
1332 3061 1434 3129 Pauli

169 3157 209 3216 et
233 3147 438 3216 confessioni
459 3148 566 3237 ipsius
589 3172 718 3238 quoque
740 3149 912 3216 Ecclesiae
935 3149 1092 3231 Graecae,
1117 3149 1280 3238 Spiritum
1304 3171 1331 3216 a.
1365 3171 1433 3216 non

168 3244 309 3304 tantum
333 3235 459 3316 Patris,
483 3236 543 3302 sed
565 3241 668 3304 etiam
689 3237 772 3304 Filii
796 3238 953 3326 spiritum
976 3258 1058 3320 esse,
1082 3243 1118 3304 et
1150 3237 1225 3304 ideo
1261 3235 1434 3325 praecedit

168 3348 192 3392 a
218 3324 325 3390 Patre
348 3323 428 3412 quia
461 3325 576 3391 Patria
613 3325 754 3414 spiritus
784 3337 854 3410 est,
884 3325 1039 3414 quoniam
1073 3331 1186 3416 autam
1216 3327 1319 3392 etiam
1350 3323 1434 3391 Filii

164 3412 319 3502 spiritns
343 3418 407 3491 est,
429 3412 528 3478 etiam
551 3413 592 3479 sb
617 3413 678 3481 hcc
701 3413 879 3501 procedere
903 3414 1012 3494 debet,
1037 3435 1133 3480 secus
1156 3436 1221 3480 non
1245 3420 1336 3480 esset
1369 3412 1435 3500 spi·

165 3505 266 3569 ritus
290 3498 376 3566 Filii
395 3521 538 3654 guoque,
562 3508 679 3568 contra
701 3502 912 3658 Apostolum.
936 3501 985 3568 Et
1007 3500 1057 3568 sic
1066 3501 1301 3568 contradicunt
1312 3501 1435 3569 Graeci

164 3589 281 3657 etiarn
303 3587 372 3676 ipsi
425 3587 539 3671 bristo,
564 3588 660 3676 cajus
684 3613 741 3655 ver
765 3613 808 3656 a:
843 3589 962 3656 Omnia
997 3611 1061 3678 que
1093 3589 1195 3657 habet
1226 3589 1332 3656 Pater
1361 3610 1435 3655 mea

162 3689 263 3758 sunt,
287 3677 467 3765 propterea
490 3676 569 3758 dixi,
594 3680 671 3766 quia
694 3700 708 3743 a
733 3676 834 3744 iritua
853 3679 894 3744 de
917 3700 988 3744 meo
1002 3678 1144 3765 accipiet
1166 3689 1199 3744 et
1216 3676 1436 3744 annunciabit

162 3765 308 3844 vobis,“
334 3786 415 3832 vera
437 3786 501 3831 non
521 3772 652 3850 essent;
678 3701 812 3832 hapheret
850 3769 936 3833 enim
973 3766 1077 3833 Pater
1103 3764 1201 3854 juxta
1233 3766 1434 3832 sententiam

162 3855 384 3925 Graecorum
429 3851 496 3918 uod
517 3852 627 3920 Filius
649 3875 716 3921 non
738 3855 849 3935 habet,
873 3876 934 3920 seu
955 3853 1131 3940 procedere
1154 3853 1319 3941 Spiritum
1350 3851 1434 3920 San·

161 3955 266 4012 mum
291 3961 313 4008 a
335 3961 381 4007 se.
406 3873 443 4006 li
464 3963 563 4029 porro
586 3941 621 4008 in
645 3964 682 4009 eo
706 3941 864 4009 consistit
887 3942 1090 4011 Graecorum
1113 3941 1321 4022 orthodoxia,
1345 3939 1435 4028 quod

160 4055 208 4100 nc
263 4034 306 4096 nt
329 4029 568 4118 purgatorium,
595 4029 672 4096 dnm
695 4028 782 4097 illud
804 4033 950 4119 practice
973 4030 1176 4098 confitentur
1199 4028 1436 4118 sacrificiapro

159 4121 207 4190 de
282 4116 351 4185 ctis
374 4115 550 4198 offerendo,
573 4117 637 4184 sibi
660 4117 743 4205 ipsis
766 4119 1007 4198 contradicunt,
1032 4140 1070 4185 eo
1094 4117 1210 4205 magis,
1234 4115 1433 4206 quodjuxta

159 4209 315 4278 illorum
339 4204 542 4273 sententiam
565 4211 687 4292 negato
707 4203 834 4294 judicio
857 4206 1064 4295 particulari,
1088 4229 1155 4274 nun
1178 4205 1282 4273 alium
1305 4209 1435 4272 statum

157 4297 368 4368 animarum
390 4292 594 4361 retinuerint
615 4315 715 4382 quam
738 4294 949 4362 detentorum
973 4316 1076 4382 usque
1108 4293 1152 4361 ad
1168 4293 1338 4450 (iudicium
1359 4291 1433 4358 uni·

157 4381 322 4462 versele,
345 4402 388 4448 ac
407 4379 546 4468 proinde
569 4381 804 4450 contradicunt
826 4382 929 4452 etiam
952 4381 1153 4452 confessioni
1192 4381 1436 4450 einvocaticne

156 4477 392 4551 Sanctorum,
416 4468 472 4558 qui
494 4491 600 4560 usque
617 4468 661 4537 ad
683 4475 867 4539 extremum
886 4471 1050 4560 judicium
1073 4469 1205 4541 visione
1226 4467 1294 4536 Dei
1306 4475 1341 4538 at
1362 4467 1439 4532 bsa-

156 4567 283 4635 titate
306 4557 378 4628 frui
401 4578 467 4626 non
512 4562 648 4643 ossent3
671 4557 812 4647 proinde
833 4580 893 4626 nec
915 4559 1012 4629 nobis
1035 4556 1225 4650 opitulari3
1249 4577 1326 4624 cnm
1349 4554 1440 4622 dcte·

155 4655 239 4726 rior
265 4651 364 4718 esset
387 4581 614 4714 consiliorum
637 4668 736 4735 quam
758 4646 902 4717 latronis
925 4648 1079 4734 decruce,
1092 4645 1148 4716 cui
1161 4643 1446 4716 dixitChristusr
