3476 5366
756 391 944 494 -.-111

278 719 312 810 ἓ.
349 713 443 795 135.
471 713 769 817 obligationes
802 713 1032 818 generales
1074 710 1399 794 Canonieorum.

315 858 348 944 1)
358 858 516 926 Canoniei
539 839 605 926 rite
629 859 725 926 electi
750 865 907 926 tenentur
930 881 1040 926 eoram
1061 857 1227 946 Episcopo
1237 856 1316 924 fidei
1339 855 1464 944 profes·

213 948 343 1014 sionem
365 950 527 1027 emittere,
554 954 588 1014 et
610 947 757 1014 residere
779 949 815 1013 in
838 947 909 1013 loco
933 945 1082 1051 Capituli
1113 945 1172 1026 ita,
1196 951 1236 1012 ut
1280 944 1374 1012 ultra
1395 949 1469 1010 tres

214 1057 347 1102 menses
371 1055 569 1122 perannum
592 1035 707 1109 abesse
730 1041 906 1123 nequeant,
929 1057 996 1122 nter
1019 1032 1053 1099 id
1076 1032 1151 1100 fieri
1174 1032 1310 1100 deberet
1343 1034 1377 1098 in
1407 1031 1469 1097 Mi·

213 1123 358 1189 nisterio
381 1123 560 1190 Ecclesiae.
584 1123 619 1208 2)
644 1122 847 1209 Obligantur
870 1122 980 1188 officio
1006 1120 1121 1187 divino
1159 1119 1341 1208 diligenter
1363 1121 1470 1186 inter·

214 1233 300 1292 esse,
342 1220 377 1278 et
399 1210 564 1299 Episcopo
609 1213 645 1276 in
677 1211 829 1278 omnibus
874 1213 977 1278 sacris
1019 1208 1248 1275 functionibus
1293 1207 1467 1274 adsistere.

214 1298 346 1380 Quodsi
369 1299 445 1386 quis
461 1299 706 1366 ‘Canonicorum
730 1321 795 1365 non
818 1300 1010 1385 interrupto
1043 1297 1270 1386 quadraginta
1306 1315 1468 1362 annorum

214 1386 339 1474 spatio,
364 1387 545 1474 diligenter
566 1387 738 1455 Ecclesiae
761 1408 820 1453 seu
843 1385 1038 1455 cathedrali
1061 1407 1120 1451 seu
1143 1383 1344 1471 collegiatae
1366 1382 1469 1450 servi·

215 1477 279 1555 vit,
302 1475 344 1540 ab
368 1475 457 1541 omni
476 1474 630 1562 deinceps
653 1474 829 1542 absolutus
852 1482 906 1541 est
927 1473 1098 1540 Ecclesiae
1121 1472 1240 1553 ctficio,
1276 1479 1310 1540 et
1333 1471 1471 1540 ubicun·
1555 1475 1564 1492 '

214 1584 282 1650 que
305 1562 471 1644 habitans,
495 1563 598 1630 etiam
620 1562 728 1651 quoad
752 1562 1008 1630 distributiones
1031 1559 1246 1646 quotidianas
1287 1581 1350 1664 pro
1380 1581 1472 1647 prae

213 1657 314 1718 sente
337 1650 490 1717 habetur.
515 1650 656 1734 Quando
678 1672 755 1716 vero
779 1650 939 1719 Canonici
963 1648 1065 1716 etiam
1088 1649 1243 1716 absentes
1262 1648 1473 1717 distributio·

213 1759 287 1820 nee,
310 1739 411 1806 etiam
435 1739 647 1826 quotidianas
667 1738 743 1826 jure
790 1740 936 1828 ereipere
956 1736 1088 1826 possint
1110 1760 1178 1804 non
1200 1758 1297 1804 secus
1320 1757 1359 1804 ac
1380 1757 1473 1826 prae·

214 1833 342 1907 sentes,
368 1825 443 1893 vide
466 1826 666 1894 Canonistas
690 1826 730 1892 de
753 1762 890 1896 oilerius
913 1851 981 1894 non
1004 1825 1240 1905 residentibus.
1264 1825 1300 1914 3)
1314 1823 1472 1894 Canonici

213 1915 405 2001 generatim
427 1914 556 1981 evocati
582 1937 602 1980 a
624 1914 793 1995 Praesule,
827 1915 922 2003 cujus
968 1913 1175 1981 consiliarios
1220 1919 1256 1980 et
1300 1912 1474 2001 adjutores

213 2009 336 2089 agunt,
361 2001 498 2090 negotia
521 2003 743 2069 ecclesiastica
766 2004 830 2070 aibi
853 2005 1029 2070 commissa
1042 2001 1231 2070 executioni
1255 2001 1336 2068 dare
1358 2007 1472 2068 tenen·

215 2095 288 2157 tur.
310 2090 347 2180 4)
370 2089 528 2178 Capitula
551 2088 712 2179 Episcopi
736 2090 924 2158 visitationi
948 2090 1100 2174 subsunt,
1125 2094 1227 2176 atque
1271 2087 1471 2160 correctioni

213 2179 323 2246 toties
346 2178 477 2266 quoties
500 2199 633 2246 necesse
656 2183 720 2245 est.

292 2359 328 2453 ἓ.
362 2355 454 2437 136.
483 2357 595 2437 Jura
623 2356 816 2458 Capituli
844 2379 931 2459 qua
959 2355 1162 2458 Corporis
1189 2352 1401 2435 distincti.

292 2499 326 2588 1)
336 2501 539 2590 Capitulum,
549 2508 714 2590 quatenus
738 2525 857 2590 corpus
870 2503 1037 2590 peculiare
1046 2502 1087 2567 ab
1101 2502 1265 2590 Episcopo
1277 2500 1475 2567 distinctum

214 2589 409 2670 constituit,
432 2594 546 2678 potest
569 2596 753 2657 conventus
777 2590 818 2657 de
841 2590 987 2677 negotiis
1011 2589 1053 2656 ad
1076 2611 1111 2655 se
1134 2589 1381 2677 pertinentibus
1404 2590 1475 2654 sine

214 2677 385 2766 Episcopo
408 2677 585 2759 celebrare,
609 2677 644 2744 in
669 2701 733 2766 quo
757 2678 893 2765 negotia
916 2700 975 2764 per
998 2677 1225 2765 majoritatem
1248 2681 1401 2744 votorum
1422 2676 1475 2742 de·

215 2764 389 2846 ciduntur,
402 2787 497 2921 (puae
520 2766 677 2833 conclusa
700 2789 812 2832 omnes
835 2765 1047 2854 Capitulares
1071 2765 1377 2854 obligant,exceptc
1396 2786 1478 2832 casu

215 2853 299 2918 dum
320 2875 380 2940 per
431 2854 570 2942 epitula,
595 2877 680 2938 quae
703 2853 919 2920 fundationes
964 2852 1176 2920 dioecesanas
1223 2853 1474 2932 administrant,

215 2940 361 3007 elocatio
384 2942 599 3029 pecuniarum
622 2940 905 3008 fundationalium
928 2963 989 3028 per
1012 2941 1236 3028 majoritatem
1259 2940 1310 3022 fit,
1346 2949 1476 3008 contra·

216 3028 351 3094 dicente
374 3032 497 3096 minore
520 3038 626 3117 parte,
651 3029 706 3097 vel
729 3029 830 3096 etiam
854 3051 929 3110 uno,
954 3028 1032 3094 dum
1056 3029 1136 3096 haee
1158 3051 1237 3116 pars
1262 3030 1296 3094 in
1320 3026 1477 3096 elocatic·

216 3137 295 3184 nem
319 3139 383 3184 non
406 3117 617 3184 consentiens
639 3140 699 3204 pro
722 3139 802 3184 casu
825 3120 983 3184 emersuri
1006 3117 1118 3183 damni
1141 3115 1380 3204 responsabilis
1404 3137 1471 3182 non

216 3209 292 3290 est3
317 3205 350 3291 2)
372 3211 486 3292 potest
510 3205 700 3293 Capitulum
725 3205 866 3272 condere
889 3211 1091 3291 statutaprc
1108 3203 1371 3292 Capitularibus,
1386 3225 1471 3294 qnae

216 3299 334 3358 tamen
354 3299 396 3358 nt
417 3315 623 3360 successores
646 3293 808 3377 obligent,
831 3295 872 3359 ab
896 3292 1071 3380 Episcop0,
1093 3297 1128 3358 et
1151 3313 1211 3380 pro
1234 3293 1473 3360 renataetiam

217 3403 240 3446 a
264 3402 390 3447 summa
413 3382 617 3449 auctoritate
639 3381 733 3448 civili
757 3381 946 3448 confirmari
982 3380 1112 3446 debent.

713 3574 863 3686 ullus
899 3573 988 3685 vll.

275 3762 344 3836 na
382 3724 744 3840 orrrcmnrnu's
771 3760 1186 3838 accuasnsrrors
1227 3757 1426 3837 arrseo-

754 3887 948 3966 rouuu.

374 4081 409 4175 ἓ.
441 4081 534 4163 137.
562 4081 766 4164 Viearius
793 4079 1016 4183 generalis
1043 4077 1331 4181 Episcopalis.

291 4245 325 4334 1)
334 4244 489 4315 Vicerius
498 4246 666 4335 generalis
683 4246 904 4336 Episcopalis,
928 4248 986 4332 qui
1011 4246 1081 4312 vice
1104 4245 1260 4334 Episcopi
1273 4240 1481 4346 jurisdictio·

216 4355 299 4402 nem
323 4335 541 4436 episcopalem
564 4343 695 4403 exercet
716 4338 752 4402 in
776 4335 927 4415 dioecesi,
951 4335 1046 4424 cujus
1069 4355 1297 4422 personacum
1310 4330 1478 4420 Episcopo

217 4421 383 4503 identrca,
406 4431 441 4490 et
462 4423 537 4491 ideo
560 4447 581 4491 a
601 4423 737 4491 Vieario
761 4423 802 4490 ad
825 4423 1026 4576 Episcopum
1057 4443 1123 4487 non
1148 4420 1249 4489 datur
1293 4417 1479 4508 appellata,

218 4509 352 4578 dicitur
373 4532 394 4576 a
414 4511 489 4598 jure
512 4510 676 4580 communi
699 4511 800 4578 etiam
824 4510 944 4579 Officia
961 4513 1028 4596 ie1),
1052 4512 1202 4577 attamen
1248 4507 1284 4575 in
1307 4504 1479 4596 aliquibus

306 4753 322 4822 ¹)
343 4751 370 4808 C.
390 4753 471 4810 Licet.
492 4755 525 4808 de
546 4754 623 4810 Ollle.
645 4753 732 4810 Vicat.
752 4755 780 4810 iu
800 4757 824 4808 a.
844 4757 872 4808 et
891 4754 919 4808 iu
942 4752 1027 4808 Clem.
1050 4751 1075 4806 2.
1105 4751 1140 4806 de
1159 4766 1243 4806 neser.
1408 4819 1442 4874 10
