<?xml version="1.0" encoding="UTF-8"?>
<!DOCTYPE html PUBLIC "-//W3C//DTD XHTML 1.0 Transitional//EN"
    "http://www.w3.org/TR/xhtml1/DTD/xhtml1-transitional.dtd">
<html xmlns="http://www.w3.org/1999/xhtml" xml:lang="en" lang="en">
 <head>
  <title>
</title>
<meta http-equiv="Content-Type" content="text/html;charset=utf-8" />
  <meta name='ocr-system' content='tesseract 3.04.00' />
  <meta name='ocr-capabilities' content='ocr_page ocr_carea ocr_par ocr_line ocrx_word'/>
</head>
<body>
  <div class='ocr_page' id='page_1' title='image "./enchiridionjuri00pappgoog_0079.png"; bbox 0 0 3464 5366; ppageno 0'>
   <div class='ocr_carea' id='block_1_1' title="bbox 811 345 1013 450">
    <p class='ocr_par' dir='ltr' id='par_1_1' title="bbox 811 345 1013 450">
     <span class='ocr_line' id='line_1_1' title="bbox 811 345 1013 450; baseline 0.015 -4"><span class='ocrx_word' id='word_1_1' title='bbox 811 442 814 445; x_wconf 86' lang='lat'>.</span> <span class='ocrx_word' id='word_1_2' title='bbox 845 345 1013 450; x_wconf 41' lang='lat'>2142.</span> 
     </span>
    </p>
   </div>
   <div class='ocr_carea' id='block_1_2' title="bbox 257 562 1631 4796">
    <p class='ocr_par' dir='ltr' id='par_1_2' title="bbox 290 562 1631 918">
     <span class='ocr_line' id='line_1_2' title="bbox 291 562 1631 655; baseline -0.002 -20"><span class='ocrx_word' id='word_1_3' title='bbox 291 562 612 640; x_wconf 85' lang='lat' dir='ltr'>Mahomedanorum,</span> <span class='ocrx_word' id='word_1_4' title='bbox 636 583 717 650; x_wconf 89' lang='lat' dir='ltr'>quos</span> <span class='ocrx_word' id='word_1_5' title='bbox 741 586 781 632; x_wconf 82' lang='lat' dir='ltr'>ex</span> <span class='ocrx_word' id='word_1_6' title='bbox 804 567 1042 652; x_wconf 75' lang='lat' dir='ltr'>superstitione</span> <span class='ocrx_word' id='word_1_7' title='bbox 1065 570 1221 654; x_wconf 86' lang='lat' dir='ltr'>parentes</span> <span class='ocrx_word' id='word_1_8' title='bbox 1255 563 1383 632; x_wconf 78' lang='lat' dir='ltr'>Turcae</span> <span class='ocrx_word' id='word_1_9' title='bbox 1429 567 1538 655; x_wconf 87' lang='lat' dir='ltr'>bapti·</span> <span class='ocrx_word' id='word_1_10' title='bbox 1627 615 1631 624; x_wconf 83' lang='lat'>.</span> 
     </span>
     <span class='ocr_line' id='line_1_3' title="bbox 291 650 1539 742; baseline 0.001 -22"><span class='ocrx_word' id='word_1_11' title='bbox 291 656 359 722; x_wconf 87' lang='lat' dir='ltr'>zari</span> <span class='ocrx_word' id='word_1_12' title='bbox 381 673 440 740; x_wconf 91' lang='lat' dir='ltr'>per</span> <span class='ocrx_word' id='word_1_13' title='bbox 463 650 668 717; x_wconf 80' lang='lat' dir='ltr'>Christianos</span> <span class='ocrx_word' id='word_1_14' title='bbox 692 656 820 732; x_wconf 92' lang='lat' dir='ltr'>curant,</span> <span class='ocrx_word' id='word_1_15' title='bbox 844 654 931 742; x_wconf 87' lang='lat' dir='ltr'>quod</span> <span class='ocrx_word' id='word_1_16' title='bbox 954 653 1073 721; x_wconf 87' lang='lat' dir='ltr'>taliter</span> <span class='ocrx_word' id='word_1_17' title='bbox 1096 655 1128 719; x_wconf 88' lang='lat' dir='ltr'>in</span> <span class='ocrx_word' id='word_1_18' title='bbox 1142 653 1310 741; x_wconf 87' lang='lat' dir='ltr'>sequelam</span> <span class='ocrx_word' id='word_1_19' title='bbox 1323 653 1539 721; x_wconf 87' lang='lat' dir='ltr'>circumcisio-</span> 
     </span>
     <span class='ocr_line' id='line_1_4' title="bbox 290 739 1533 826; baseline 0.002 -18"><span class='ocrx_word' id='word_1_20' title='bbox 290 745 341 809; x_wconf 90' lang='lat' dir='ltr'>nis</span> <span class='ocrx_word' id='word_1_21' title='bbox 364 739 655 806; x_wconf 86' lang='lat' dir='ltr'>inflammationem</span> <span class='ocrx_word' id='word_1_22' title='bbox 679 742 823 826; x_wconf 89' lang='lat' dir='ltr'>corporis</span> <span class='ocrx_word' id='word_1_23' title='bbox 847 741 1032 809; x_wconf 92' lang='lat' dir='ltr'>evitabunt.</span> <span class='ocrx_word' id='word_1_24' title='bbox 1058 741 1172 810; x_wconf 84' lang='lat' dir='ltr'>Omnis</span> <span class='ocrx_word' id='word_1_25' title='bbox 1187 746 1267 808; x_wconf 89' lang='lat' dir='ltr'>item</span> <span class='ocrx_word' id='word_1_26' title='bbox 1279 744 1533 810; x_wconf 88' lang='lat' dir='ltr'>communicatio</span> 
     </span>
     <span class='ocr_line' id='line_1_5' title="bbox 291 826 1158 918; baseline -0.005 -20"><span class='ocrx_word' id='word_1_27' title='bbox 291 826 478 918; x_wconf 88' lang='lat' dir='ltr'>spiritualis</span> <span class='ocrx_word' id='word_1_28' title='bbox 501 847 572 892; x_wconf 89' lang='lat' dir='ltr'>cum</span> <span class='ocrx_word' id='word_1_29' title='bbox 595 829 699 892; x_wconf 85' lang='lat' dir='ltr'>turcis</span> <span class='ocrx_word' id='word_1_30' title='bbox 732 828 941 914; x_wconf 81' lang='lat' dir='ltr'>prohibetur.</span> <span class='ocrx_word' id='word_1_31' title='bbox 1157 829 1158 837; x_wconf 73' lang='grc'>’</span> 
     </span>
    </p>

    <p class='ocr_par' dir='ltr' id='par_1_3' title="bbox 281 912 1541 1261">
     <span class='ocr_line' id='line_1_6' title="bbox 386 912 1541 1006; baseline 0 -23"><span class='ocrx_word' id='word_1_32' title='bbox 386 915 421 983; x_wconf 82' lang='grc' dir='ltr'>Ο.</span> <span class='ocrx_word' id='word_1_33' title='bbox 447 913 519 980; x_wconf 88' lang='lat'>153.</span> <span class='ocrx_word' id='word_1_34' title='bbox 544 912 663 979; x_wconf 82' lang='lat' dir='ltr'>Laicus</span> <span class='ocrx_word' id='word_1_35' title='bbox 688 916 720 978; x_wconf 90' lang='lat' dir='ltr'>in</span> <span class='ocrx_word' id='word_1_36' title='bbox 745 916 944 984; x_wconf 80' lang='lat' dir='ltr'>necessitate</span> <span class='ocrx_word' id='word_1_37' title='bbox 968 917 1126 1002; x_wconf 85' lang='lat' dir='ltr'>baptizet,</span> <span class='ocrx_word' id='word_1_38' title='bbox 1150 919 1215 984; x_wconf 89' lang='lat' dir='ltr'>imo</span> <span class='ocrx_word' id='word_1_39' title='bbox 1239 920 1337 983; x_wconf 89' lang='lat' dir='ltr'>etiam</span> <span class='ocrx_word' id='word_1_40' title='bbox 1370 922 1478 1006; x_wconf 89' lang='lat' dir='ltr'>pater,</span> <span class='ocrx_word' id='word_1_41' title='bbox 1511 917 1541 984; x_wconf 90' lang='lat' dir='ltr'>si</span> 
     </span>
     <span class='ocr_line' id='line_1_7' title="bbox 291 1004 1539 1094; baseline -0.002 -22"><span class='ocrx_word' id='word_1_42' title='bbox 291 1004 379 1072; x_wconf 87' lang='lat' dir='ltr'>alter</span> <span class='ocrx_word' id='word_1_43' title='bbox 400 1025 466 1070; x_wconf 89' lang='lat' dir='ltr'>non</span> <span class='ocrx_word' id='word_1_44' title='bbox 488 1006 594 1084; x_wconf 88' lang='lat' dir='ltr'>esset;</span> <span class='ocrx_word' id='word_1_45' title='bbox 618 1004 646 1066; x_wconf 86' lang='lat' dir='ltr'>si</span> <span class='ocrx_word' id='word_1_46' title='bbox 669 1007 780 1069; x_wconf 89' lang='lat' dir='ltr'>autem</span> <span class='ocrx_word' id='word_1_47' title='bbox 804 1005 913 1072; x_wconf 85' lang='lat' dir='ltr'>inians</span> <span class='ocrx_word' id='word_1_48' title='bbox 937 1005 1178 1091; x_wconf 87' lang='lat' dir='ltr'>superviveret,</span> <span class='ocrx_word' id='word_1_49' title='bbox 1203 1004 1397 1072; x_wconf 77' lang='lat' dir='ltr'>secundarIo</span> <span class='ocrx_word' id='word_1_50' title='bbox 1430 1006 1539 1094; x_wconf 89' lang='lat' dir='ltr'>bapti·</span> 
     </span>
     <span class='ocr_line' id='line_1_8' title="bbox 291 1089 1539 1181; baseline 0.003 -23"><span class='ocrx_word' id='word_1_51' title='bbox 291 1098 387 1160; x_wconf 82' lang='lat' dir='ltr'>aetur</span> <span class='ocrx_word' id='word_1_52' title='bbox 408 1112 468 1181; x_wconf 86' lang='lat' dir='ltr'>per</span> <span class='ocrx_word' id='word_1_53' title='bbox 490 1089 711 1157; x_wconf 76' lang='lat' dir='ltr'>Sacerdotem.</span> <span class='ocrx_word' id='word_1_54' title='bbox 735 1090 889 1158; x_wconf 80' lang='lat' dir='ltr'>Infantes</span> <span class='ocrx_word' id='word_1_55' title='bbox 913 1115 977 1159; x_wconf 88' lang='lat' dir='ltr'>non</span> <span class='ocrx_word' id='word_1_56' title='bbox 1003 1091 1165 1179; x_wconf 86' lang='lat' dir='ltr'>baptizati</span> <span class='ocrx_word' id='word_1_57' title='bbox 1188 1115 1248 1159; x_wconf 91' lang='lat' dir='ltr'>nec</span> <span class='ocrx_word' id='word_1_58' title='bbox 1271 1097 1305 1158; x_wconf 90' lang='lat' dir='ltr'>in</span> <span class='ocrx_word' id='word_1_59' title='bbox 1328 1093 1464 1175; x_wconf 88' lang='lat' dir='ltr'>coelum,</span> <span class='ocrx_word' id='word_1_60' title='bbox 1479 1115 1539 1162; x_wconf 92' lang='lat' dir='ltr'>nec</span> 
     </span>
     <span class='ocr_line' id='line_1_9' title="bbox 281 1175 1409 1261; baseline -0.001 -13"><span class='ocrx_word' id='word_1_61' title='bbox 281 1183 390 1255; x_wconf 47' lang='lat' dir='ltr'>,etiam</span> <span class='ocrx_word' id='word_1_62' title='bbox 413 1183 446 1244; x_wconf 93' lang='lat' dir='ltr'>in</span> <span class='ocrx_word' id='word_1_63' title='bbox 469 1177 578 1244; x_wconf 91' lang='lat' dir='ltr'>locum</span> <span class='ocrx_word' id='word_1_64' title='bbox 600 1181 840 1246; x_wconf 79' lang='lat' dir='ltr'>tormentorum</span> <span class='ocrx_word' id='word_1_65' title='bbox 865 1187 955 1261; x_wconf 90' lang='lat' dir='ltr'>eunt,</span> <span class='ocrx_word' id='word_1_66' title='bbox 980 1181 1037 1246; x_wconf 91' lang='lat' dir='ltr'>sed</span> <span class='ocrx_word' id='word_1_67' title='bbox 1061 1175 1227 1246; x_wconf 85' lang='lat' dir='ltr'>inlocum</span> <span class='ocrx_word' id='word_1_68' title='bbox 1249 1179 1409 1248; x_wconf 89' lang='lat' dir='ltr'>lucidum.</span> 
     </span>
    </p>

    <p class='ocr_par' dir='ltr' id='par_1_4' title="bbox 385 1265 1449 1357">
     <span class='ocr_line' id='line_1_10' title="bbox 385 1265 1449 1357; baseline 0 -22"><span class='ocrx_word' id='word_1_69' title='bbox 385 1267 421 1335; x_wconf 83' lang='lat' dir='ltr'>C.</span> <span class='ocrx_word' id='word_1_70' title='bbox 447 1265 519 1332; x_wconf 83' lang='grc'><strong>154.</strong></span> <span class='ocrx_word' id='word_1_71' title='bbox 544 1265 650 1332; x_wconf 87' lang='lat' dir='ltr'>Nemo</span> <span class='ocrx_word' id='word_1_72' title='bbox 673 1267 743 1334; x_wconf 88' lang='lat' dir='ltr'>sine</span> <span class='ocrx_word' id='word_1_73' title='bbox 766 1266 931 1355; x_wconf 90' lang='lat' dir='ltr'>baptismo</span> <span class='ocrx_word' id='word_1_74' title='bbox 953 1268 1016 1334; x_wconf 88' lang='lat' dir='ltr'>Dei</span> <span class='ocrx_word' id='word_1_75' title='bbox 1040 1268 1199 1335; x_wconf 81' lang='lat' dir='ltr'>visionem</span> <span class='ocrx_word' id='word_1_76' title='bbox 1224 1272 1449 1357; x_wconf 80' lang='lat' dir='ltr'>consequitur.</span> 
     </span>
    </p>

    <p class='ocr_par' dir='ltr' id='par_1_5' title="bbox 290 1353 1539 1616">
     <span class='ocr_line' id='line_1_11' title="bbox 386 1353 1539 1446; baseline 0.001 -23"><span class='ocrx_word' id='word_1_77' title='bbox 386 1356 422 1423; x_wconf 84' lang='grc' dir='ltr'>Ο.</span> <span class='ocrx_word' id='word_1_78' title='bbox 447 1355 520 1422; x_wconf 77' lang='lat'>155.</span> <span class='ocrx_word' id='word_1_79' title='bbox 545 1353 706 1421; x_wconf 83' lang='lat' dir='ltr'>Sacerdos</span> <span class='ocrx_word' id='word_1_80' title='bbox 727 1360 840 1443; x_wconf 91' lang='lat' dir='ltr'>potest</span> <span class='ocrx_word' id='word_1_81' title='bbox 887 1358 920 1422; x_wconf 92' lang='lat' dir='ltr'>in</span> <span class='ocrx_word' id='word_1_82' title='bbox 955 1356 1155 1423; x_wconf 87' lang='lat' dir='ltr'>necessitate</span> <span class='ocrx_word' id='word_1_83' title='bbox 1198 1361 1364 1445; x_wconf 85' lang='lat' dir='ltr'>propriam</span> <span class='ocrx_word' id='word_1_84' title='bbox 1411 1357 1539 1446; x_wconf 89' lang='lat' dir='ltr'>prolem</span> 
     </span>
     <span class='ocr_line' id='line_1_12' title="bbox 290 1440 1539 1533; baseline 0.002 -23"><span class='ocrx_word' id='word_1_85' title='bbox 290 1443 469 1533; x_wconf 86' lang='lat' dir='ltr'>baptizare,</span> <span class='ocrx_word' id='word_1_86' title='bbox 493 1440 552 1508; x_wconf 92' lang='lat' dir='ltr'>sed</span> <span class='ocrx_word' id='word_1_87' title='bbox 575 1464 639 1509; x_wconf 90' lang='lat' dir='ltr'>non</span> <span class='ocrx_word' id='word_1_88' title='bbox 662 1441 794 1529; x_wconf 69' lang='lat' dir='ltr'>levare,</span> <span class='ocrx_word' id='word_1_89' title='bbox 818 1446 897 1510; x_wconf 89' lang='lat' dir='ltr'>item</span> <span class='ocrx_word' id='word_1_90' title='bbox 920 1446 1055 1532; x_wconf 84' lang='lat' dir='ltr'>nuptias</span> <span class='ocrx_word' id='word_1_91' title='bbox 1077 1443 1139 1510; x_wconf 87' lang='lat' dir='ltr'>filii</span> <span class='ocrx_word' id='word_1_92' title='bbox 1162 1444 1364 1527; x_wconf 88' lang='lat' dir='ltr'>benedicere,</span> <span class='ocrx_word' id='word_1_93' title='bbox 1388 1446 1447 1514; x_wconf 90' lang='lat' dir='ltr'>scd</span> <span class='ocrx_word' id='word_1_94' title='bbox 1470 1469 1539 1513; x_wconf 92' lang='lat' dir='ltr'>non</span> 
     </span>
     <span class='ocr_line' id='line_1_13' title="bbox 292 1530 777 1616; baseline 0 -18"><span class='ocrx_word' id='word_1_95' title='bbox 292 1538 412 1600; x_wconf 90' lang='lat' dir='ltr'>testem</span> <span class='ocrx_word' id='word_1_96' title='bbox 435 1530 639 1597; x_wconf 86' lang='lat' dir='ltr'>matrimonii</span> <span class='ocrx_word' id='word_1_97' title='bbox 662 1543 777 1616; x_wconf 57' lang='lat' dir='ltr'>agere:</span> 
     </span>
    </p>

    <p class='ocr_par' dir='ltr' id='par_1_6' title="bbox 257 1616 1539 1887">
     <span class='ocr_line' id='line_1_14' title="bbox 257 1616 1539 1709; baseline 0.001 -20"><span class='ocrx_word' id='word_1_98' title='bbox 257 1629 263 1644; x_wconf 86' lang='lat'>’</span> <span class='ocrx_word' id='word_1_99' title='bbox 386 1619 421 1690; x_wconf 85' lang='lat' dir='ltr'>C.</span> <span class='ocrx_word' id='word_1_100' title='bbox 446 1617 519 1685; x_wconf 82' lang='lat'>156.</span> <span class='ocrx_word' id='word_1_101' title='bbox 544 1616 704 1684; x_wconf 86' lang='lat' dir='ltr'>Sacerdos</span> <span class='ocrx_word' id='word_1_102' title='bbox 727 1618 885 1708; x_wconf 88' lang='lat' dir='ltr'>baptismi</span> <span class='ocrx_word' id='word_1_103' title='bbox 908 1625 1151 1688; x_wconf 89' lang='lat' dir='ltr'>sacramentum</span> <span class='ocrx_word' id='word_1_104' title='bbox 1172 1619 1307 1709; x_wconf 85' lang='lat' dir='ltr'>jejunus</span> <span class='ocrx_word' id='word_1_105' title='bbox 1316 1621 1539 1704; x_wconf 88' lang='lat' dir='ltr'>administret,</span> 
     </span>
     <span class='ocr_line' id='line_1_15' title="bbox 291 1707 1538 1798; baseline -0.001 -21"><span class='ocrx_word' id='word_1_106' title='bbox 291 1715 427 1798; x_wconf 84' lang='lat' dir='ltr'>excepto</span> <span class='ocrx_word' id='word_1_107' title='bbox 451 1728 530 1774; x_wconf 88' lang='lat' dir='ltr'>casu</span> <span class='ocrx_word' id='word_1_108' title='bbox 553 1708 771 1780; x_wconf 86' lang='lat' dir='ltr'>necessitatis.</span> <span class='ocrx_word' id='word_1_109' title='bbox 796 1707 837 1774; x_wconf 84' lang='lat' dir='ltr'>ln</span> <span class='ocrx_word' id='word_1_110' title='bbox 861 1709 1114 1796; x_wconf 86' lang='lat' dir='ltr'>quadragesima</span> <span class='ocrx_word' id='word_1_111' title='bbox 1136 1709 1322 1797; x_wconf 86' lang='lat' dir='ltr'>baptismus</span> <span class='ocrx_word' id='word_1_112' title='bbox 1331 1710 1538 1798; x_wconf 88' lang='lat' dir='ltr'>prohibetur,</span> 
     </span>
     <span class='ocr_line' id='line_1_16' title="bbox 290 1795 1419 1887; baseline -0.012 -20"><span class='ocrx_word' id='word_1_113' title='bbox 290 1802 427 1887; x_wconf 83' lang='lat' dir='ltr'>excepto</span> <span class='ocrx_word' id='word_1_114' title='bbox 450 1816 530 1863; x_wconf 90' lang='lat' dir='ltr'>casu</span> <span class='ocrx_word' id='word_1_115' title='bbox 552 1795 771 1862; x_wconf 87' lang='lat' dir='ltr'>necessitatis.</span> <span class='ocrx_word' id='word_1_116' title='bbox 1415 1831 1419 1838; x_wconf 90' lang='lat'>-</span> 
     </span>
    </p>

    <p class='ocr_par' dir='ltr' id='par_1_7' title="bbox 289 1882 1541 2394">
     <span class='ocr_line' id='line_1_17' title="bbox 385 1882 1541 1970; baseline -0.001 -17"><span class='ocrx_word' id='word_1_117' title='bbox 385 1885 421 1953; x_wconf 85' lang='lat' dir='ltr'>C.</span> <span class='ocrx_word' id='word_1_118' title='bbox 446 1883 520 1950; x_wconf 81' lang='lat'>157.</span> <span class='ocrx_word' id='word_1_119' title='bbox 542 1882 736 1970; x_wconf 88' lang='lat' dir='ltr'>Baptismus</span> <span class='ocrx_word' id='word_1_120' title='bbox 759 1887 792 1949; x_wconf 91' lang='lat' dir='ltr'>in</span> <span class='ocrx_word' id='word_1_121' title='bbox 815 1883 966 1952; x_wconf 80' lang='lat' dir='ltr'>Ecclesia</span> <span class='ocrx_word' id='word_1_122' title='bbox 987 1882 1057 1964; x_wconf 89' lang='lat' dir='ltr'>fiat,</span> <span class='ocrx_word' id='word_1_123' title='bbox 1082 1888 1117 1950; x_wconf 89' lang='lat' dir='ltr'>et</span> <span class='ocrx_word' id='word_1_124' title='bbox 1141 1904 1206 1951; x_wconf 92' lang='lat' dir='ltr'>non</span> <span class='ocrx_word' id='word_1_125' title='bbox 1230 1887 1262 1951; x_wconf 93' lang='lat' dir='ltr'>in</span> <span class='ocrx_word' id='word_1_126' title='bbox 1295 1885 1406 1967; x_wconf 90' lang='lat' dir='ltr'>cubili,</span> <span class='ocrx_word' id='word_1_127' title='bbox 1455 1887 1541 1952; x_wconf 85' lang='lat' dir='ltr'>citra</span> 
     </span>
     <span class='ocr_line' id='line_1_18' title="bbox 290 1971 1538 2062; baseline -0.002 -20"><span class='ocrx_word' id='word_1_128' title='bbox 290 1973 538 2055; x_wconf 88' lang='lat' dir='ltr'>necessitatem;</span> <span class='ocrx_word' id='word_1_129' title='bbox 563 1977 679 2036; x_wconf 91' lang='lat' dir='ltr'>contra</span> <span class='ocrx_word' id='word_1_130' title='bbox 702 1994 807 2060; x_wconf 89' lang='lat' dir='ltr'>agens</span> <span class='ocrx_word' id='word_1_131' title='bbox 830 1971 1000 2052; x_wconf 89' lang='lat' dir='ltr'>Sacerdos,</span> <span class='ocrx_word' id='word_1_132' title='bbox 1024 1971 1164 2060; x_wconf 90' lang='lat' dir='ltr'>punitur</span> <span class='ocrx_word' id='word_1_133' title='bbox 1186 1995 1246 2061; x_wconf 92' lang='lat' dir='ltr'>pro</span> <span class='ocrx_word' id='word_1_134' title='bbox 1270 1973 1410 2040; x_wconf 88' lang='lat' dir='ltr'>arbitrio</span> <span class='ocrx_word' id='word_1_135' title='bbox 1456 1973 1538 2062; x_wconf 81' lang='lat' dir='ltr'>Elpi-</span> 
     </span>
     <span class='ocr_line' id='line_1_19' title="bbox 289 2059 1535 2153; baseline -0.002 -22"><span class='ocrx_word' id='word_1_136' title='bbox 289 2065 388 2153; x_wconf 86' lang='lat' dir='ltr'>scopi.</span> <span class='ocrx_word' id='word_1_137' title='bbox 411 2059 467 2127; x_wconf 80' lang='lat' dir='ltr'>Elt-</span> <span class='ocrx_word' id='word_1_138' title='bbox 483 2059 511 2126; x_wconf 89' lang='lat' dir='ltr'>si</span> <span class='ocrx_word' id='word_1_139' title='bbox 536 2065 686 2153; x_wconf 87' lang='lat' dir='ltr'>mortuus</span> <span class='ocrx_word' id='word_1_140' title='bbox 708 2062 811 2126; x_wconf 82' lang='lat' dir='ltr'>tuerit</span> <span class='ocrx_word' id='word_1_141' title='bbox 834 2062 943 2126; x_wconf 84' lang='lat' dir='ltr'>infans</span> <span class='ocrx_word' id='word_1_142' title='bbox 963 2060 1034 2126; x_wconf 90' lang='lat' dir='ltr'>sine</span> <span class='ocrx_word' id='word_1_143' title='bbox 1072 2061 1239 2148; x_wconf 90' lang='lat' dir='ltr'>baptismo</span> <span class='ocrx_word' id='word_1_144' title='bbox 1273 2063 1326 2128; x_wconf 90' lang='lat' dir='ltr'>-ob</span> <span class='ocrx_word' id='word_1_145' title='bbox 1371 2063 1535 2128; x_wconf 91' lang='lat' dir='ltr'>incuriam</span> 
     </span>
     <span class='ocr_line' id='line_1_20' title="bbox 289 2145 1539 2238; baseline -0.002 -19"><span class='ocrx_word' id='word_1_146' title='bbox 289 2148 487 2228; x_wconf 80' lang='lat' dir='ltr'>Sacerdotis,</span> <span class='ocrx_word' id='word_1_147' title='bbox 511 2145 696 2234; x_wconf 85' lang='lat' dir='ltr'>Episcopus</span> <span class='ocrx_word' id='word_1_148' title='bbox 719 2170 792 2216; x_wconf 90' lang='lat' dir='ltr'>eum</span> <span class='ocrx_word' id='word_1_149' title='bbox 815 2149 991 2237; x_wconf 89' lang='lat' dir='ltr'>probibeat</span> <span class='ocrx_word' id='word_1_150' title='bbox 1013 2169 1033 2212; x_wconf 89' lang='lat' dir='ltr'>a</span> <span class='ocrx_word' id='word_1_151' title='bbox 1055 2148 1160 2216; x_wconf 88' lang='lat' dir='ltr'>sacris</span> <span class='ocrx_word' id='word_1_152' title='bbox 1183 2149 1343 2238; x_wconf 89' lang='lat' dir='ltr'>quamdiu</span> <span class='ocrx_word' id='word_1_153' title='bbox 1366 2150 1539 2235; x_wconf 88' lang='lat' dir='ltr'>voluerit;</span> 
     </span>
     <span class='ocr_line' id='line_1_21' title="bbox 290 2236 1534 2326; baseline -0.002 -20"><span class='ocrx_word' id='word_1_154' title='bbox 290 2239 421 2306; x_wconf 88' lang='lat' dir='ltr'>sivero</span> <span class='ocrx_word' id='word_1_155' title='bbox 444 2236 485 2303; x_wconf 93' lang='lat' dir='ltr'>ob</span> <span class='ocrx_word' id='word_1_156' title='bbox 509 2237 666 2302; x_wconf 91' lang='lat' dir='ltr'>incuriam</span> <span class='ocrx_word' id='word_1_157' title='bbox 690 2243 874 2326; x_wconf 90' lang='lat' dir='ltr'>parentum,</span> <span class='ocrx_word' id='word_1_158' title='bbox 899 2237 932 2302; x_wconf 91' lang='lat' dir='ltr'>hi</span> <span class='ocrx_word' id='word_1_159' title='bbox 956 2236 1064 2301; x_wconf 89' lang='lat' dir='ltr'>tribus</span> <span class='ocrx_word' id='word_1_160' title='bbox 1087 2239 1183 2304; x_wconf 89' lang='lat' dir='ltr'>annis</span> <span class='ocrx_word' id='word_1_161' title='bbox 1207 2260 1226 2302; x_wconf 90' lang='lat' dir='ltr'>a</span> <span class='ocrx_word' id='word_1_162' title='bbox 1265 2259 1357 2304; x_wconf 90' lang='lat' dir='ltr'>sacra</span> <span class='ocrx_word' id='word_1_163' title='bbox 1390 2259 1534 2305; x_wconf 91' lang='lat' dir='ltr'>commu-</span> 
     </span>
     <span class='ocr_line' id='line_1_22' title="bbox 289 2324 668 2394; baseline -0.013 0"><span class='ocrx_word' id='word_1_164' title='bbox 289 2330 382 2394; x_wconf 80' lang='lat' dir='ltr'>nione</span> <span class='ocrx_word' id='word_1_165' title='bbox 427 2324 564 2391; x_wconf 88' lang='lat' dir='ltr'>rohibiti</span> <span class='ocrx_word' id='word_1_166' title='bbox 589 2324 668 2390; x_wconf 89' lang='lat' dir='ltr'>sint.</span> 
     </span>
    </p>

    <p class='ocr_par' dir='ltr' id='par_1_8' title="bbox 288 2349 1541 2858">
     <span class='ocr_line' id='line_1_23' title="bbox 360 2349 1537 2500; baseline -0.005 -16"><span class='ocrx_word' id='word_1_167' title='bbox 360 2349 426 2484; x_wconf 73' lang='lat' dir='ltr'>d</span> <span class='ocrx_word' id='word_1_168' title='bbox 446 2412 518 2479; x_wconf 87' lang='lat'>158.</span> <span class='ocrx_word' id='word_1_169' title='bbox 543 2412 609 2477; x_wconf 90' lang='lat' dir='ltr'>Per</span> <span class='ocrx_word' id='word_1_170' title='bbox 631 2410 796 2500; x_wconf 86' lang='lat' dir='ltr'>liturgias,</span> <span class='ocrx_word' id='word_1_171' title='bbox 822 2414 997 2491; x_wconf 89' lang='lat' dir='ltr'>orationes,</span> <span class='ocrx_word' id='word_1_172' title='bbox 1022 2418 1057 2478; x_wconf 90' lang='lat' dir='ltr'>et</span> <span class='ocrx_word' id='word_1_173' title='bbox 1102 2412 1327 2500; x_wconf 87' lang='lat' dir='ltr'>eleemosynas</span> <span class='ocrx_word' id='word_1_174' title='bbox 1373 2415 1537 2493; x_wconf 89' lang='lat' dir='ltr'>vivorum,</span> 
     </span>
     <span class='ocr_line' id='line_1_24' title="bbox 290 2499 1538 2590; baseline -0.002 -21"><span class='ocrx_word' id='word_1_175' title='bbox 290 2525 371 2590; x_wconf 89' lang='lat' dir='ltr'>quas</span> <span class='ocrx_word' id='word_1_176' title='bbox 407 2503 519 2569; x_wconf 92' lang='lat' dir='ltr'>aciunt</span> <span class='ocrx_word' id='word_1_177' title='bbox 541 2521 601 2588; x_wconf 90' lang='lat' dir='ltr'>pro</span> <span class='ocrx_word' id='word_1_178' title='bbox 625 2499 800 2580; x_wconf 89' lang='lat' dir='ltr'>defunctis,</span> <span class='ocrx_word' id='word_1_179' title='bbox 824 2502 1046 2566; x_wconf 89' lang='lat' dir='ltr'>remittuntur</span> <span class='ocrx_word' id='word_1_180' title='bbox 1069 2502 1115 2566; x_wconf 90' lang='lat' dir='ltr'>eis</span> <span class='ocrx_word' id='word_1_181' title='bbox 1140 2507 1275 2584; x_wconf 86' lang='lat' dir='ltr'>peccata</span> <span class='ocrx_word' id='word_1_182' title='bbox 1301 2501 1450 2582; x_wconf 90' lang='lat' dir='ltr'>venialia,</span> <span class='ocrx_word' id='word_1_183' title='bbox 1470 2522 1538 2566; x_wconf 91' lang='lat' dir='ltr'>non</span> 
     </span>
     <span class='ocr_line' id='line_1_25' title="bbox 288 2580 1541 2678; baseline -0.002 -21"><span class='ocrx_word' id='word_1_184' title='bbox 288 2595 368 2659; x_wconf 88' lang='lat' dir='ltr'>item</span> <span class='ocrx_word' id='word_1_185' title='bbox 390 2592 546 2677; x_wconf 87' lang='lat' dir='ltr'>graviora</span> <span class='ocrx_word' id='word_1_186' title='bbox 569 2596 705 2678; x_wconf 90' lang='lat' dir='ltr'>peccata</span> <span class='ocrx_word' id='word_1_187' title='bbox 729 2588 920 2674; x_wconf 88' lang='lat' dir='ltr'>(mortalia),</span> <span class='ocrx_word' id='word_1_188' title='bbox 944 2591 1000 2676; x_wconf 92' lang='lat' dir='ltr'>qui</span> <span class='ocrx_word' id='word_1_189' title='bbox 1024 2591 1167 2654; x_wconf 90' lang='lat' dir='ltr'>enimin</span> <span class='ocrx_word' id='word_1_190' title='bbox 1191 2580 1242 2654; x_wconf 84' lang='lat' dir='ltr'>his</span> <span class='ocrx_word' id='word_1_191' title='bbox 1277 2587 1441 2669; x_wconf 87' lang='lat' dir='ltr'>obierunt,</span> <span class='ocrx_word' id='word_1_192' title='bbox 1489 2590 1541 2656; x_wconf 87' lang='lat' dir='ltr'>eis</span> 
     </span>
     <span class='ocr_line' id='line_1_26' title="bbox 290 2675 1540 2766; baseline -0.002 -19"><span class='ocrx_word' id='word_1_193' title='bbox 290 2680 455 2748; x_wconf 90' lang='lat' dir='ltr'>occlusum</span> <span class='ocrx_word' id='word_1_194' title='bbox 479 2683 531 2744; x_wconf 93' lang='lat' dir='ltr'>est</span> <span class='ocrx_word' id='word_1_195' title='bbox 553 2677 696 2760; x_wconf 72' lang='lat' dir='ltr'>coelum,</span> <span class='ocrx_word' id='word_1_196' title='bbox 720 2698 780 2743; x_wconf 91' lang='lat' dir='ltr'>nec</span> <span class='ocrx_word' id='word_1_197' title='bbox 802 2675 964 2743; x_wconf 89' lang='lat' dir='ltr'>sacrificia</span> <span class='ocrx_word' id='word_1_198' title='bbox 987 2677 1138 2743; x_wconf 89' lang='lat' dir='ltr'>vivorum</span> <span class='ocrx_word' id='word_1_199' title='bbox 1161 2681 1196 2743; x_wconf 92' lang='lat' dir='ltr'>et</span> <span class='ocrx_word' id='word_1_200' title='bbox 1221 2677 1307 2743; x_wconf 90' lang='lat' dir='ltr'>bona</span> <span class='ocrx_word' id='word_1_201' title='bbox 1344 2698 1443 2766; x_wconf 89' lang='lat' dir='ltr'>opera</span> <span class='ocrx_word' id='word_1_202' title='bbox 1490 2677 1540 2744; x_wconf 90' lang='lat' dir='ltr'>eis</span> 
     </span>
     <span class='ocr_line' id='line_1_27' title="bbox 289 2766 620 2858; baseline -0.009 -25"><span class='ocrx_word' id='word_1_203' title='bbox 289 2766 447 2858; x_wconf 86' lang='lat' dir='ltr'>opitulari</span> <span class='ocrx_word' id='word_1_204' title='bbox 469 2771 620 2854; x_wconf 90' lang='lat' dir='ltr'>possunt.</span> 
     </span>
    </p>

    <p class='ocr_par' dir='ltr' id='par_1_9' title="bbox 288 2851 1540 3453">
     <span class='ocr_line' id='line_1_28' title="bbox 384 2851 1534 2924; baseline -0.003 -1"><span class='ocrx_word' id='word_1_205' title='bbox 384 2855 419 2924; x_wconf 78' lang='lat' dir='ltr'>O.</span> <span class='ocrx_word' id='word_1_206' title='bbox 445 2854 517 2919; x_wconf 86' lang='lat'>159.</span> <span class='ocrx_word' id='word_1_207' title='bbox 542 2852 705 2920; x_wconf 89' lang='lat' dir='ltr'>Prodesse</span> <span class='ocrx_word' id='word_1_208' title='bbox 726 2851 759 2918; x_wconf 89' lang='lat' dir='ltr'>S.</span> <span class='ocrx_word' id='word_1_209' title='bbox 783 2851 905 2918; x_wconf 87' lang='lat' dir='ltr'>Missae</span> <span class='ocrx_word' id='word_1_210' title='bbox 928 2854 1124 2919; x_wconf 87' lang='lat' dir='ltr'>sacrificium</span> <span class='ocrx_word' id='word_1_211' title='bbox 1148 2852 1313 2920; x_wconf 86' lang='lat' dir='ltr'>defunctis</span> <span class='ocrx_word' id='word_1_212' title='bbox 1337 2853 1369 2918; x_wconf 94' lang='lat' dir='ltr'>in</span> <span class='ocrx_word' id='word_1_213' title='bbox 1416 2853 1534 2919; x_wconf 82' lang='lat' dir='ltr'>remis·</span> 
     </span>
     <span class='ocr_line' id='line_1_29' title="bbox 289 2939 1536 3032; baseline -0.004 -21"><span class='ocrx_word' id='word_1_214' title='bbox 289 2947 414 3012; x_wconf 90' lang='lat' dir='ltr'>sionem</span> <span class='ocrx_word' id='word_1_215' title='bbox 439 2939 649 3032; x_wconf 85' lang='lat' dir='ltr'>peccatorum</span> <span class='ocrx_word' id='word_1_216' title='bbox 672 2948 707 3007; x_wconf 90' lang='lat' dir='ltr'>et</span> <span class='ocrx_word' id='word_1_217' title='bbox 729 2940 960 3006; x_wconf 86' lang='lat' dir='ltr'>liberationem</span> <span class='ocrx_word' id='word_1_218' title='bbox 983 2963 1095 3008; x_wconf 90' lang='lat' dir='ltr'>eorum</span> <span class='ocrx_word' id='word_1_219' title='bbox 1119 2964 1139 3006; x_wconf 94' lang='lat' dir='ltr'>a</span> <span class='ocrx_word' id='word_1_220' title='bbox 1172 2942 1243 3007; x_wconf 92' lang='lat' dir='ltr'>loco</span> <span class='ocrx_word' id='word_1_221' title='bbox 1289 2946 1536 3007; x_wconf 88' lang='lat' dir='ltr'>tormentorum</span> 
     </span>
     <span class='ocr_line' id='line_1_30' title="bbox 291 3029 1539 3122; baseline -0.004 -23"><span class='ocrx_word' id='word_1_222' title='bbox 291 3033 511 3122; x_wconf 85' lang='lat' dir='ltr'>(purgatorio)</span> <span class='ocrx_word' id='word_1_223' title='bbox 531 3029 689 3116; x_wconf 84' lang='lat' dir='ltr'>exemplis</span> <span class='ocrx_word' id='word_1_224' title='bbox 712 3051 824 3095; x_wconf 90' lang='lat' dir='ltr'>eorum</span> <span class='ocrx_word' id='word_1_225' title='bbox 848 3029 1071 3110; x_wconf 90' lang='lat' dir='ltr'>confirmatur,</span> <span class='ocrx_word' id='word_1_226' title='bbox 1096 3032 1153 3114; x_wconf 89' lang='lat' dir='ltr'>qui</span> <span class='ocrx_word' id='word_1_227' title='bbox 1177 3034 1253 3116; x_wconf 87' lang='lat' dir='ltr'>post</span> <span class='ocrx_word' id='word_1_228' title='bbox 1298 3039 1432 3094; x_wconf 90' lang='lat' dir='ltr'>mortem</span> <span class='ocrx_word' id='word_1_229' title='bbox 1480 3050 1539 3116; x_wconf 90' lang='lat' dir='ltr'>ap·</span> 
     </span>
     <span class='ocr_line' id='line_1_31' title="bbox 288 3115 1540 3210; baseline -0.003 -24"><span class='ocrx_word' id='word_1_230' title='bbox 288 3125 473 3210; x_wconf 89' lang='lat' dir='ltr'>paruerunt</span> <span class='ocrx_word' id='word_1_231' title='bbox 495 3125 529 3186; x_wconf 90' lang='lat' dir='ltr'>et</span> <span class='ocrx_word' id='word_1_232' title='bbox 552 3116 768 3207; x_wconf 86' lang='lat' dir='ltr'>postularunt</span> <span class='ocrx_word' id='word_1_233' title='bbox 790 3138 850 3204; x_wconf 92' lang='lat' dir='ltr'>pro</span> <span class='ocrx_word' id='word_1_234' title='bbox 873 3139 909 3183; x_wconf 90' lang='lat' dir='ltr'>se</span> <span class='ocrx_word' id='word_1_235' title='bbox 932 3119 1048 3183; x_wconf 91' lang='lat' dir='ltr'>missas</span> <span class='ocrx_word' id='word_1_236' title='bbox 1073 3119 1242 3184; x_wconf 87' lang='lat' dir='ltr'>celebrari.</span> <span class='ocrx_word' id='word_1_237' title='bbox 1266 3115 1333 3184; x_wconf 92' lang='lat' dir='ltr'>Sed</span> <span class='ocrx_word' id='word_1_238' title='bbox 1355 3118 1456 3183; x_wconf 86' lang='lat' dir='ltr'>etiam</span> <span class='ocrx_word' id='word_1_239' title='bbox 1494 3119 1540 3182; x_wconf 93' lang='lat' dir='ltr'>vi·</span> 
     </span>
     <span class='ocr_line' id='line_1_32' title="bbox 289 3204 1540 3306; baseline -0.004 -31"><span class='ocrx_word' id='word_1_240' title='bbox 289 3212 341 3276; x_wconf 87' lang='lat' dir='ltr'>vis</span> <span class='ocrx_word' id='word_1_241' title='bbox 363 3207 518 3296; x_wconf 85' lang='lat' dir='ltr'>prodesse</span> <span class='ocrx_word' id='word_1_242' title='bbox 542 3207 705 3292; x_wconf 85' lang='lat' dir='ltr'>liturgias,</span> <span class='ocrx_word' id='word_1_243' title='bbox 730 3204 915 3293; x_wconf 87' lang='lat' dir='ltr'>exemplum</span> <span class='ocrx_word' id='word_1_244' title='bbox 938 3205 1109 3306; x_wconf 85' lang='lat' dir='ltr'>profertur</span> <span class='ocrx_word' id='word_1_245' title='bbox 1132 3205 1274 3272; x_wconf 90' lang='lat' dir='ltr'>hominis</span> <span class='ocrx_word' id='word_1_246' title='bbox 1297 3206 1432 3292; x_wconf 84' lang='lat' dir='ltr'>captivi,</span> <span class='ocrx_word' id='word_1_247' title='bbox 1478 3208 1540 3292; x_wconf 90' lang='lat' dir='ltr'>qui</span> 
     </span>
     <span class='ocr_line' id='line_1_33' title="bbox 289 3291 1539 3452; baseline -0.003 -89"><span class='ocrx_word' id='word_1_248' title='bbox 289 3304 447 3452; x_wconf 66' lang='lat' dir='ltr'>pempore,</span> <span class='ocrx_word' id='word_1_249' title='bbox 470 3317 534 3384; x_wconf 92' lang='lat' dir='ltr'>quo</span> <span class='ocrx_word' id='word_1_250' title='bbox 557 3317 616 3383; x_wconf 94' lang='lat' dir='ltr'>pro</span> <span class='ocrx_word' id='word_1_251' title='bbox 639 3293 697 3360; x_wconf 93' lang='lat' dir='ltr'>illo</span> <span class='ocrx_word' id='word_1_252' title='bbox 721 3316 814 3360; x_wconf 90' lang='lat' dir='ltr'>sacra</span> <span class='ocrx_word' id='word_1_253' title='bbox 840 3295 977 3380; x_wconf 79' lang='lat' dir='ltr'>liturgia</span> <span class='ocrx_word' id='word_1_254' title='bbox 1001 3293 1240 3373; x_wconf 88' lang='lat' dir='ltr'>celebrabatur,</span> <span class='ocrx_word' id='word_1_255' title='bbox 1266 3315 1285 3359; x_wconf 87' lang='lat' dir='ltr'>a</span> <span class='ocrx_word' id='word_1_256' title='bbox 1309 3291 1451 3360; x_wconf 89' lang='lat' dir='ltr'>vinculis</span> <span class='ocrx_word' id='word_1_257' title='bbox 1486 3315 1539 3359; x_wconf 88' lang='lat' dir='ltr'>so·</span> 
     </span>
     <span class='ocr_line' id='line_1_34' title="bbox 303 3393 466 3453; baseline -0.025 0"><span class='ocrx_word' id='word_1_258' title='bbox 303 3394 382 3453; x_wconf 91' lang='lat' dir='ltr'>utus</span> <span class='ocrx_word' id='word_1_259' title='bbox 406 3393 466 3452; x_wconf 88' lang='lat' dir='ltr'>est.</span> 
     </span>
    </p>

    <p class='ocr_par' dir='ltr' id='par_1_10' title="bbox 385 3469 1137 3557">
     <span class='ocr_line' id='line_1_35' title="bbox 385 3469 1137 3557; baseline -0.005 -17"><span class='ocrx_word' id='word_1_260' title='bbox 385 3471 420 3540; x_wconf 83' lang='lat' dir='ltr'>C.</span> <span class='ocrx_word' id='word_1_261' title='bbox 446 3471 518 3539; x_wconf 88' lang='grc'><strong>160.</strong></span> <span class='ocrx_word' id='word_1_262' title='bbox 543 3469 635 3538; x_wconf 89' lang='lat' dir='ltr'>Idem</span> <span class='ocrx_word' id='word_1_263' title='bbox 658 3471 850 3538; x_wconf 87' lang='lat' dir='ltr'>illustratur</span> <span class='ocrx_word' id='word_1_264' title='bbox 872 3469 946 3536; x_wconf 87' lang='lat' dir='ltr'>aliis</span> <span class='ocrx_word' id='word_1_265' title='bbox 971 3469 1137 3557; x_wconf 85' lang='lat' dir='ltr'>exemplis.</span> 
     </span>
    </p>

    <p class='ocr_par' dir='ltr' id='par_1_11' title="bbox 289 3557 1541 3982">
     <span class='ocr_line' id='line_1_36' title="bbox 385 3557 1538 3646; baseline -0.004 -18"><span class='ocrx_word' id='word_1_266' title='bbox 385 3563 419 3628; x_wconf 84' lang='lat' dir='ltr'>C.</span> <span class='ocrx_word' id='word_1_267' title='bbox 446 3561 518 3627; x_wconf 87' lang='lat'>161.</span> <span class='ocrx_word' id='word_1_268' title='bbox 543 3562 575 3625; x_wconf 88' lang='lat' dir='ltr'><strong>A</strong></span> <span class='ocrx_word' id='word_1_269' title='bbox 600 3558 802 3640; x_wconf 84' lang='lat' dir='ltr'>mulieribus,</span> <span class='ocrx_word' id='word_1_270' title='bbox 826 3581 909 3643; x_wconf 87' lang='lat' dir='ltr'>quaa</span> <span class='ocrx_word' id='word_1_271' title='bbox 933 3562 1117 3646; x_wconf 89' lang='lat' dir='ltr'>nupserunt</span> <span class='ocrx_word' id='word_1_272' title='bbox 1140 3557 1317 3624; x_wconf 83' lang='lat' dir='ltr'>haereticis</span> <span class='ocrx_word' id='word_1_273' title='bbox 1341 3568 1373 3621; x_wconf 90' lang='lat' dir='ltr'>et</span> <span class='ocrx_word' id='word_1_274' title='bbox 1385 3557 1538 3644; x_wconf 87' lang='lat' dir='ltr'>paganis,</span> 
     </span>
     <span class='ocr_line' id='line_1_37' title="bbox 289 3645 1538 3739; baseline -0.002 -24"><span class='ocrx_word' id='word_1_275' title='bbox 289 3657 462 3739; x_wconf 89' lang='lat' dir='ltr'>acceptare</span> <span class='ocrx_word' id='word_1_276' title='bbox 486 3648 670 3715; x_wconf 89' lang='lat' dir='ltr'>oblationes</span> <span class='ocrx_word' id='word_1_277' title='bbox 693 3669 753 3734; x_wconf 91' lang='lat' dir='ltr'>pro</span> <span class='ocrx_word' id='word_1_278' title='bbox 777 3645 974 3714; x_wconf 90' lang='lat' dir='ltr'>celebranda</span> <span class='ocrx_word' id='word_1_279' title='bbox 998 3668 1091 3712; x_wconf 88' lang='lat' dir='ltr'>sacra</span> <span class='ocrx_word' id='word_1_280' title='bbox 1113 3647 1252 3732; x_wconf 86' lang='lat' dir='ltr'>liturgia</span> <span class='ocrx_word' id='word_1_281' title='bbox 1284 3647 1426 3713; x_wconf 86' lang='lat' dir='ltr'>vetitum</span> <span class='ocrx_word' id='word_1_282' title='bbox 1473 3653 1538 3726; x_wconf 89' lang='lat' dir='ltr'>cst,</span> 
     </span>
     <span class='ocr_line' id='line_1_38' title="bbox 289 3734 1541 3818; baseline -0.003 -14"><span class='ocrx_word' id='word_1_283' title='bbox 289 3741 349 3806; x_wconf 90' lang='lat' dir='ltr'>nisi</span> <span class='ocrx_word' id='word_1_284' title='bbox 374 3738 479 3805; x_wconf 88' lang='lat' dir='ltr'>solum</span> <span class='ocrx_word' id='word_1_285' title='bbox 503 3737 592 3818; x_wconf 90' lang='lat' dir='ltr'>thus,</span> <span class='ocrx_word' id='word_1_286' title='bbox 617 3735 725 3802; x_wconf 88' lang='lat' dir='ltr'>oleum</span> <span class='ocrx_word' id='word_1_287' title='bbox 748 3741 784 3803; x_wconf 87' lang='lat' dir='ltr'>et</span> <span class='ocrx_word' id='word_1_288' title='bbox 805 3734 976 3818; x_wconf 88' lang='lat' dir='ltr'>candelas;</span> <span class='ocrx_word' id='word_1_289' title='bbox 1001 3755 1105 3818; x_wconf 89' lang='lat' dir='ltr'>neque</span> <span class='ocrx_word' id='word_1_290' title='bbox 1129 3737 1229 3800; x_wconf 91' lang='lat' dir='ltr'>etiam</span> <span class='ocrx_word' id='word_1_291' title='bbox 1252 3755 1347 3800; x_wconf 87' lang='lat' dir='ltr'>sacra</span> <span class='ocrx_word' id='word_1_292' title='bbox 1393 3755 1541 3800; x_wconf 92' lang='lat' dir='ltr'>commu-</span> 
     </span>
     <span class='ocr_line' id='line_1_39' title="bbox 290 3823 1539 3910; baseline -0.003 -18"><span class='ocrx_word' id='word_1_293' title='bbox 290 3825 388 3893; x_wconf 91' lang='lat' dir='ltr'>nione</span> <span class='ocrx_word' id='word_1_294' title='bbox 409 3825 613 3906; x_wconf 86' lang='lat' dir='ltr'>reficiuntur,</span> <span class='ocrx_word' id='word_1_295' title='bbox 638 3826 700 3890; x_wconf 90' lang='lat' dir='ltr'>nisi</span> <span class='ocrx_word' id='word_1_296' title='bbox 722 3827 757 3890; x_wconf 87' lang='lat' dir='ltr'>in</span> <span class='ocrx_word' id='word_1_297' title='bbox 780 3824 921 3892; x_wconf 88' lang='lat' dir='ltr'>articulo</span> <span class='ocrx_word' id='word_1_298' title='bbox 937 3824 1063 3903; x_wconf 90' lang='lat' dir='ltr'>mortis,</span> <span class='ocrx_word' id='word_1_299' title='bbox 1088 3823 1288 3910; x_wconf 87' lang='lat' dir='ltr'>anaphoram</span> <span class='ocrx_word' id='word_1_300' title='bbox 1311 3826 1423 3888; x_wconf 89' lang='lat' dir='ltr'>autem</span> <span class='ocrx_word' id='word_1_301' title='bbox 1457 3844 1539 3910; x_wconf 90' lang='lat' dir='ltr'>per-</span> 
     </span>
     <span class='ocr_line' id='line_1_40' title="bbox 289 3913 938 3982; baseline -0.015 0"><span class='ocrx_word' id='word_1_302' title='bbox 289 3916 316 3982; x_wconf 90' lang='lat' dir='ltr'>ci</span> <span class='ocrx_word' id='word_1_303' title='bbox 343 3917 423 3981; x_wconf 91' lang='lat' dir='ltr'>iant.</span> <span class='ocrx_word' id='word_1_304' title='bbox 774 3920 776 3925; x_wconf 85' lang='lat'>&#39;</span> <span class='ocrx_word' id='word_1_305' title='bbox 936 3913 938 3919; x_wconf 80' lang='grc'>’</span> 
     </span>
    </p>

    <p class='ocr_par' dir='ltr' id='par_1_12' title="bbox 288 3938 1539 4796">
     <span class='ocr_line' id='line_1_41' title="bbox 319 3938 1539 4086; baseline -0.005 -16"><span class='ocrx_word' id='word_1_306' title='bbox 319 3938 341 4003; x_wconf 75' lang='lat' dir='ltr'>p</span> <span class='ocrx_word' id='word_1_307' title='bbox 375 4003 420 4077; x_wconf 64' lang='lat' dir='ltr'>.O.</span> <span class='ocrx_word' id='word_1_308' title='bbox 447 4003 518 4069; x_wconf 83' lang='lat'>162.</span> <span class='ocrx_word' id='word_1_309' title='bbox 542 4003 606 4069; x_wconf 90' lang='lat' dir='ltr'>Die</span> <span class='ocrx_word' id='word_1_310' title='bbox 629 4001 722 4081; x_wconf 88' lang='lat' dir='ltr'>3·tia,</span> <span class='ocrx_word' id='word_1_311' title='bbox 746 4001 832 4080; x_wconf 80' lang='lat' dir='ltr'>9-na,</span> <span class='ocrx_word' id='word_1_312' title='bbox 857 4005 892 4065; x_wconf 91' lang='lat' dir='ltr'>et</span> <span class='ocrx_word' id='word_1_313' title='bbox 914 3999 1025 4064; x_wconf 70' lang='lat' dir='ltr'>cll-ma</span> <span class='ocrx_word' id='word_1_314' title='bbox 1048 4005 1125 4086; x_wconf 90' lang='lat' dir='ltr'>post</span> <span class='ocrx_word' id='word_1_315' title='bbox 1148 4005 1287 4065; x_wconf 86' lang='lat' dir='ltr'>mortem</span> <span class='ocrx_word' id='word_1_316' title='bbox 1311 3999 1372 4063; x_wconf 88' lang='lat' dir='ltr'>fiat</span> <span class='ocrx_word' id='word_1_317' title='bbox 1396 4019 1539 4064; x_wconf 89' lang='lat' dir='ltr'>comme·</span> 
     </span>
     <span class='ocr_line' id='line_1_42' title="bbox 289 4084 1537 4176; baseline -0.003 -20"><span class='ocrx_word' id='word_1_318' title='bbox 289 4093 430 4159; x_wconf 88' lang='lat' dir='ltr'>moratio</span> <span class='ocrx_word' id='word_1_319' title='bbox 452 4092 611 4171; x_wconf 84' lang='lat' dir='ltr'>defuncti,</span> <span class='ocrx_word' id='word_1_320' title='bbox 635 4097 671 4157; x_wconf 89' lang='lat' dir='ltr'>et</span> <span class='ocrx_word' id='word_1_321' title='bbox 694 4090 815 4155; x_wconf 86' lang='lat' dir='ltr'>dentur</span> <span class='ocrx_word' id='word_1_322' title='bbox 839 4087 905 4153; x_wconf 92' lang='lat' dir='ltr'>cibi</span> <span class='ocrx_word' id='word_1_323' title='bbox 929 4088 1150 4175; x_wconf 89' lang='lat' dir='ltr'>pauperibus;</span> <span class='ocrx_word' id='word_1_324' title='bbox 1176 4085 1365 4176; x_wconf 89' lang='lat' dir='ltr'>etquidem</span> <span class='ocrx_word' id='word_1_325' title='bbox 1389 4084 1443 4152; x_wconf 88' lang='lat' dir='ltr'>dic</span> <span class='ocrx_word' id='word_1_326' title='bbox 1467 4093 1537 4152; x_wconf 86' lang='lat' dir='ltr'>tor·</span> 
     </span>
     <span class='ocr_line' id='line_1_43' title="bbox 288 4173 1535 4268; baseline -0.001 -25"><span class='ocrx_word' id='word_1_327' title='bbox 288 4182 336 4247; x_wconf 88' lang='lat' dir='ltr'>tio</span> <span class='ocrx_word' id='word_1_328' title='bbox 359 4181 443 4260; x_wconf 91' lang='lat' dir='ltr'>ideo,</span> <span class='ocrx_word' id='word_1_329' title='bbox 466 4181 621 4268; x_wconf 90' lang='lat' dir='ltr'>quoniam</span> <span class='ocrx_word' id='word_1_330' title='bbox 644 4180 772 4246; x_wconf 88' lang='lat' dir='ltr'>animae</span> <span class='ocrx_word' id='word_1_331' title='bbox 797 4174 1029 4243; x_wconf 84' lang='lat' dir='ltr'>defunctorum</span> <span class='ocrx_word' id='word_1_332' title='bbox 1052 4197 1157 4262; x_wconf 89' lang='lat' dir='ltr'>usque</span> <span class='ocrx_word' id='word_1_333' title='bbox 1180 4177 1317 4243; x_wconf 89' lang='lat' dir='ltr'>tertium</span> <span class='ocrx_word' id='word_1_334' title='bbox 1331 4173 1416 4240; x_wconf 91' lang='lat' dir='ltr'>diem</span> <span class='ocrx_word' id='word_1_335' title='bbox 1440 4196 1460 4241; x_wconf 88' lang='lat' dir='ltr'>a</span> <span class='ocrx_word' id='word_1_336' title='bbox 1486 4197 1535 4242; x_wconf 87' lang='lat' dir='ltr'>se-</span> 
     </span>
     <span class='ocr_line' id='line_1_44' title="bbox 288 4263 1534 4356; baseline -0.006 -21"><span class='ocrx_word' id='word_1_337' title='bbox 288 4269 461 4356; x_wconf 89' lang='lat' dir='ltr'>paratione</span> <span class='ocrx_word' id='word_1_338' title='bbox 485 4290 504 4333; x_wconf 90' lang='lat' dir='ltr'>a</span> <span class='ocrx_word' id='word_1_339' title='bbox 527 4289 671 4356; x_wconf 91' lang='lat' dir='ltr'>corpore,</span> <span class='ocrx_word' id='word_1_340' title='bbox 696 4266 836 4344; x_wconf 87' lang='lat' dir='ltr'>solutae,</span> <span class='ocrx_word' id='word_1_341' title='bbox 860 4263 894 4329; x_wconf 91' lang='lat' dir='ltr'>in</span> <span class='ocrx_word' id='word_1_342' title='bbox 918 4263 1080 4330; x_wconf 85' lang='lat' dir='ltr'>societate</span> <span class='ocrx_word' id='word_1_343' title='bbox 1104 4263 1227 4351; x_wconf 86' lang='lat' dir='ltr'>Angeli</span> <span class='ocrx_word' id='word_1_344' title='bbox 1250 4264 1284 4328; x_wconf 93' lang='lat' dir='ltr'>in</span> <span class='ocrx_word' id='word_1_345' title='bbox 1310 4269 1402 4329; x_wconf 88' lang='lat' dir='ltr'>terra</span> <span class='ocrx_word' id='word_1_346' title='bbox 1448 4284 1534 4329; x_wconf 92' lang='lat' dir='ltr'>com-</span> 
     </span>
     <span class='ocr_line' id='line_1_45' title="bbox 289 4351 1535 4440; baseline -0.004 -17"><span class='ocrx_word' id='word_1_347' title='bbox 289 4363 470 4438; x_wconf 90' lang='lat' dir='ltr'>morantur,</span> <span class='ocrx_word' id='word_1_348' title='bbox 494 4378 533 4422; x_wconf 93' lang='lat' dir='ltr'>ac</span> <span class='ocrx_word' id='word_1_349' title='bbox 555 4356 658 4422; x_wconf 87' lang='lat' dir='ltr'>tertio</span> <span class='ocrx_word' id='word_1_350' title='bbox 681 4355 788 4422; x_wconf 89' lang='lat' dir='ltr'>solum</span> <span class='ocrx_word' id='word_1_351' title='bbox 812 4353 864 4418; x_wconf 92' lang='lat' dir='ltr'>die</span> <span class='ocrx_word' id='word_1_352' title='bbox 888 4373 923 4419; x_wconf 90' lang='lat' dir='ltr'>se</span> <span class='ocrx_word' id='word_1_353' title='bbox 946 4373 1057 4418; x_wconf 89' lang='lat' dir='ltr'>coram</span> <span class='ocrx_word' id='word_1_354' title='bbox 1079 4351 1149 4419; x_wconf 90' lang='lat' dir='ltr'>Deo</span> <span class='ocrx_word' id='word_1_355' title='bbox 1172 4352 1308 4432; x_wconf 91' lang='lat' dir='ltr'>sistunt,</span> <span class='ocrx_word' id='word_1_356' title='bbox 1319 4355 1535 4440; x_wconf 88' lang='lat' dir='ltr'>atqueusque</span> 
     </span>
     <span class='ocr_line' id='line_1_46' title="bbox 289 4438 1537 4531; baseline -0.004 -19"><span class='ocrx_word' id='word_1_357' title='bbox 289 4468 411 4513; x_wconf 92' lang='lat' dir='ltr'>nonum</span> <span class='ocrx_word' id='word_1_358' title='bbox 434 4445 519 4512; x_wconf 90' lang='lat' dir='ltr'>diem</span> <span class='ocrx_word' id='word_1_359' title='bbox 543 4444 576 4511; x_wconf 91' lang='lat' dir='ltr'>in</span> <span class='ocrx_word' id='word_1_360' title='bbox 601 4443 825 4531; x_wconf 89' lang='lat' dir='ltr'>superioribus</span> <span class='ocrx_word' id='word_1_361' title='bbox 849 4439 931 4506; x_wconf 91' lang='lat' dir='ltr'>coeli</span> <span class='ocrx_word' id='word_1_362' title='bbox 956 4441 1112 4507; x_wconf 88' lang='lat' dir='ltr'>oberrant</span> <span class='ocrx_word' id='word_1_363' title='bbox 1135 4439 1178 4507; x_wconf 88' lang='lat' dir='ltr'>ad</span> <span class='ocrx_word' id='word_1_364' title='bbox 1213 4438 1358 4506; x_wconf 89' lang='lat' dir='ltr'>videnda</span> <span class='ocrx_word' id='word_1_365' title='bbox 1404 4439 1537 4507; x_wconf 89' lang='lat' dir='ltr'>habita·</span> 
     </span>
     <span class='ocr_line' id='line_1_47' title="bbox 289 4528 1535 4620; baseline -0.006 -18"><span class='ocrx_word' id='word_1_366' title='bbox 289 4535 364 4602; x_wconf 91' lang='lat' dir='ltr'>cula</span> <span class='ocrx_word' id='word_1_367' title='bbox 385 4539 593 4618; x_wconf 87' lang='lat' dir='ltr'>sanctorum;</span> <span class='ocrx_word' id='word_1_368' title='bbox 617 4538 693 4620; x_wconf 91' lang='lat' dir='ltr'>post</span> <span class='ocrx_word' id='word_1_369' title='bbox 716 4552 835 4597; x_wconf 91' lang='lat' dir='ltr'>nonam</span> <span class='ocrx_word' id='word_1_370' title='bbox 858 4535 969 4595; x_wconf 88' lang='lat' dir='ltr'>autem</span> <span class='ocrx_word' id='word_1_371' title='bbox 993 4529 1077 4596; x_wconf 89' lang='lat' dir='ltr'>diem</span> <span class='ocrx_word' id='word_1_372' title='bbox 1102 4551 1207 4618; x_wconf 84' lang='lat' dir='ltr'>usque</span> <span class='ocrx_word' id='word_1_373' title='bbox 1241 4528 1535 4618; x_wconf 84' lang='lat' dir='ltr'>quadragesimum</span> 
     </span>
     <span class='ocr_line' id='line_1_48' title="bbox 290 4615 1531 4708; baseline -0.006 -18"><span class='ocrx_word' id='word_1_374' title='bbox 290 4623 437 4690; x_wconf 87' lang='lat' dir='ltr'>ostendit</span> <span class='ocrx_word' id='word_1_375' title='bbox 459 4621 506 4687; x_wconf 86' lang='lat' dir='ltr'>eis</span> <span class='ocrx_word' id='word_1_376' title='bbox 530 4620 682 4707; x_wconf 85' lang='lat' dir='ltr'>Angelus</span> <span class='ocrx_word' id='word_1_377' title='bbox 704 4617 895 4708; x_wconf 86' lang='lat' dir='ltr'>paradisum</span> <span class='ocrx_word' id='word_1_378' title='bbox 918 4622 952 4684; x_wconf 89' lang='lat' dir='ltr'>et</span> <span class='ocrx_word' id='word_1_379' title='bbox 993 4640 1120 4685; x_wconf 87' lang='lat' dir='ltr'>omnem</span> <span class='ocrx_word' id='word_1_380' title='bbox 1165 4618 1348 4685; x_wconf 86' lang='lat' dir='ltr'>cruciatum</span> <span class='ocrx_word' id='word_1_381' title='bbox 1395 4615 1531 4697; x_wconf 87' lang='lat' dir='ltr'>inferni,</span> 
     </span>
     <span class='ocr_line' id='line_1_49' title="bbox 290 4705 1538 4796; baseline -0.004 -19"><span class='ocrx_word' id='word_1_382' title='bbox 290 4712 392 4780; x_wconf 88' lang='lat' dir='ltr'>donec</span> <span class='ocrx_word' id='word_1_383' title='bbox 414 4709 667 4796; x_wconf 84' lang='lat' dir='ltr'>quadragesima</span> <span class='ocrx_word' id='word_1_384' title='bbox 690 4708 742 4774; x_wconf 86' lang='lat' dir='ltr'>dic</span> <span class='ocrx_word' id='word_1_385' title='bbox 765 4711 899 4796; x_wconf 86' lang='lat' dir='ltr'>recepta</span> <span class='ocrx_word' id='word_1_386' title='bbox 922 4727 942 4772; x_wconf 88' lang='lat' dir='ltr'>a</span> <span class='ocrx_word' id='word_1_387' title='bbox 964 4705 1035 4773; x_wconf 92' lang='lat' dir='ltr'>Deo</span> <span class='ocrx_word' id='word_1_388' title='bbox 1058 4705 1227 4773; x_wconf 86' lang='lat' dir='ltr'>sententia</span> <span class='ocrx_word' id='word_1_389' title='bbox 1258 4706 1365 4773; x_wconf 90' lang='lat' dir='ltr'>locum</span> <span class='ocrx_word' id='word_1_390' title='bbox 1395 4714 1538 4793; x_wconf 91' lang='lat' dir='ltr'>occupat</span> 
     </span>
    </p>
   </div>
   <div class='ocr_carea' id='block_1_3' title="bbox 0 0 1736 5366">
    <p class='ocr_par' dir='ltr' id='par_1_13' title="bbox 0 0 1736 5366">
     <span class='ocr_line' id='line_1_50' title="bbox 0 0 1736 5366; baseline 0 0"><span class='ocrx_word' id='word_1_391' title='bbox 0 0 1736 5366; x_wconf 95' lang='lat' dir='ltr'> </span> 
     </span>
    </p>
   </div>
  </div>
 </body>
</html>
