3426 5368
860 350 924 418 374

269 569 493 660 Congragatio
516 572 652 659 negotia
674 571 748 660 ipsa
770 573 813 640 ad
835 573 1023 660 generalem
1046 571 1286 661 Propagandaa
1315 568 1412 638 Fidei
1434 568 1528 638 (lon-

269 659 500 746 gregationem
524 659 703 727 deferenda
726 683 798 727 esse
821 662 986 728 interdum
1011 661 1264 728 existimaverit.
1296 664 1411 747 Atque
1435 657 1524 724 haec

270 747 495 835 Congregatio
518 770 578 834 pro
601 747 747 834 negotiis
771 749 997 817 Ecclesiarum
1019 751 1108 817 ritus
1131 747 1321 825 Orientalis,
1346 746 1401 813 cui
1425 767 1525 832 prae·

270 837 333 901 erit
374 834 559 903 Cardinalis
582 835 777 904 Praefectus
800 836 1078 926 Congregationis
1124 834 1365 924 Propagandaa
1410 831 1525 915 Fidei,

270 923 439 990 constabit
462 945 502 990 ex
525 923 710 990 sufficienti
733 946 868 992 numero
892 925 1121 994 Cardinalium
1144 927 1247 1011 ipsius
1280 921 1526 1010 congregatio·

269 1011 321 1076 nis
344 1010 440 1078 Fidei
462 1011 725 1100 Propagandae;
750 1017 784 1078 et
806 1017 957 1102 proprios
980 1014 1117 1081 habebit
1140 1011 1364 1090 Consultores,
1411 1031 1452 1076 ao
1475 1009 1526 1076 di·

269 1099 431 1166 stinctum
454 1098 688 1181 Secretarium,
713 1109 747 1168 et
771 1101 991 1168 Secretariam
1016 1125 1089 1169 cum
1113 1101 1182 1168 suis
1207 1097 1350 1189 propriis
1386 1097 1524 1164 Officia·

268 1186 368 1254 libus.
393 1186 442 1252 Ut
464 1193 576 1254 autem
600 1188 678 1255 huic
701 1189 1004 1275 Congregationia
1039 1190 1145 1258 Nobis
1190 1193 1341 1256 statutae
1384 1191 1523 1274 praesto

269 1274 339 1345 sint
363 1273 437 1358 viri,
460 1278 515 1364 qui
539 1276 766 1344 Ecclesiarum
790 1277 1012 1344 Orientalium
1058 1277 1202 1363 linguas,
1237 1279 1339 1344 ritum
1363 1296 1403 1340 ac
1427 1274 1519 1340 disci-

268 1361 393 1453 plinam
418 1364 573 1446 calleant,
596 1365 632 1431 in
656 1365 742 1431 hanc
764 1365 884 1431 almam
908 1367 1022 1433 urbem
1047 1373 1197 1432 nostram
1220 1362 1397 1431 nonnullos
1415 1383 1522 1428 arces·

268 1451 405 1518 sivimus
429 1451 672 1520 ecclesiasticos
696 1457 785 1520 viros
810 1453 970 1535 doctrina,
995 1459 1030 1520 et
1053 1452 1278 1520 Orientalium
1299 1469 1410 1518 rerum
1434 1450 1522 1537 peri-

269 1540 316 1604 tia
340 1545 518 1627 spectatos,
543 1544 690 1628 quisuis
714 1541 846 1623 studiis,
872 1549 906 1608 et
929 1542 1071 1610 scientia
1095 1540 1200 1608 eidem
1221 1537 1520 1626 Oongregationia

268 1626 375 1694 Nobis
399 1633 531 1696 erectae
554 1629 680 1696 auxilio
702 1633 770 1696 siat
794 1631 828 1695 in
852 1630 894 1697 iis
918 1633 1123 1719 praesertim,
1166 1650 1250 1715 quae
1295 1626 1519 1695 Orientalium

268 1714 496 1782 Ecclesiarum
518 1719 605 1784 ritus
628 1739 666 1785 ac
689 1717 907 1808 disciplinam,
933 1725 967 1787 et
990 1718 1210 1786 Orientalium
1233 1717 1393 1785 librorum
1413 1735 1522 1782 emen-

269 1803 437 1872 dationem
460 1805 645 1894 respiciunt
667 1811 729 1874 etc.

364 1891 531 1960 Subnecto
555 1899 665 1960 autem
691 1894 792 1968 etiam
816 1894 1142 1982 Angustissimorum
1166 1893 1329 1962 Austriaa
1371 1894 1528 1983 Impera-

269 1986 380 2046 torum
403 1987 437 2047 et
460 1981 731 2070 Apostolicorum
754 1984 885 2070 Regum
910 1981 1019 2072 quoad
1041 1982 1246 2063 firmandam,
1292 1981 1327 2048 in
1371 1983 1524 2052 Natione

268 2068 420 2135 Romana
444 2069 648 2139 catholicam
671 2071 780 2152 fidem,
805 2093 871 2138 una
895 2093 974 2138 varo
998 2069 1216 2139 conservandi
1261 2072 1294 2136 in
1333 2091 1372 2138 ea
1416 2071 1526 2139 Ritus

265 2156 452 2311 -Orienpalis
475 2158 677 2246 apostolicae
700 2159 936 2228 sollicitudinis
968 2159 1097 2228 celebre
1142 2158 1374 2226 documentum
1419 2166 1526 2248 prout

271 2266 365 2333 sequr
382 2266 442 2311 ur:
1258 2291 1260 2298 ι

866 2423 931 2493 ΙΙΙ.

267 2575 387 2648 Maria
411 2576 592 2650 Therasia
604 2579 733 2651 divina
744 2580 897 2653 favente
920 2579 1124 2652 Olementia
1146 2580 1399 2652 Romanorum
1427 2581 1520 2670 Imp.

659 2716 698 2784 ct
719 2712 937 2802 Hungariae
960 2713 1117 2802 Regina.

360 2865 537 2934 Universis
560 2865 712 2934 fidelibus
736 2869 871 2952 nostris,
897 2867 1146 2934 honorabilibus
1168 2866 1322 2947 Vicariis,
1354 2865 1529 2932 archidia-

266 2952 367 3034 conis,
392 2959 427 3020 et
449 2954 679 3021 sacerdotibus
703 2956 871 3021 nobilibus
895 2955 975 3021 item
1000 2960 1034 3022 et
1058 2955 1133 3023 aliis
1157 2953 1384 3041 cujuscunque
1406 2958 1527 3020 status

267 3047 302 3107 et
324 3039 526 3107 conditionis
548 3041 659 3128 gentis
684 3040 885 3110 Valachioae
920 3042 1119 3124 hominibus,
1151 3041 1365 3109 haereditarii
1411 3045 1522 3108 nostri

267 3127 486 3217 Principatus
509 3129 773 3212 Transilvaniae,
821 3131 1036 3219 partiumque
1081 3130 1187 3198 eidem
1231 3130 1524 3217 incorporatamm

267 3215 382 3283 incolis
405 3217 546 3286 salutem
570 3223 604 3285 et
627 3219 771 3305 gratiam
795 3225 945 3285 nostram
980 3217 1309 3308 regio-principalem.
1345 3214 1442 3299 Quod
1466 3239 1527 3304 pa-

267 3305 333 3371 lam
358 3310 409 3371 est
433 3306 595 3387 omnibus,
620 3328 680 3372 nec
704 3311 850 3373 vestram
873 3307 1000 3393 refugit
1023 3306 1214 3373 memoriam
1236 3311 1363 3395 quanta
1385 3304 1522 3385 amoris,

267 3393 393 3460 favoris
417 3398 452 3459 et
474 3394 669 3461 clementiae
693 3394 1225 3480 argumentatumsacratissimi
1260 3392 1425 3483 quondam
1461 3396 1523 3458 im·

266 3487 446 3570 pecatores,
471 3486 506 3550 et
528 3503 624 3568 reges
647 3482 814 3571 piissimae
838 3484 1023 3565 memoriae,
1048 3483 1172 3549 domini
1196 3503 1289 3563 avus,
1321 3485 1464 3558 patruos
1488 3487 1528 3548 et

267 3569 401 3656 genitor
423 3576 547 3650 noster,
572 3577 644 3636 tum
668 3571 930 3638 concomitanter
953 3594 1013 3638 nos
1052 3571 1089 3638 in
1134 3571 1258 3639 dictam
1304 3568 1522 3639 Valaohicam

267 3662 401 3745 gentem
424 3657 713 3741 declaraverimus,
738 3660 971 3748 beneficiisque
1013 3681 1076 3726 non
1118 3656 1305 3726 tamnendis
1349 3656 1441 3723 illam
1465 3677 1523 3723 cu·

267 3745 502 3813 mulaverimus
515 3769 523 3832 ;
548 3752 653 3814 testes
677 3756 757 3813 sunt
781 3748 860 3814 hina
884 3748 1065 3836 diplomata
1088 3753 1130 3814 ab
1155 3746 1293 3814 altelato
1317 3746 1358 3811 D.
1379 3766 1442 3811 avo
1458 3766 1519 3811 no-

269 3841 340 3900 stro
363 3834 445 3923 ipsis
470 3841 548 3901 ante
572 3837 714 3902 medinm
739 3836 908 3903 saeculum
933 3835 1160 3921 singularibus
1205 3833 1449 3923 praerogativis
1485 3841 1524 3900 et

268 3922 535 3990 immunitatibus
558 3922 691 4005 collata,
717 3945 864 3990 necnon
888 3924 1099 4014 pientissima
1122 3925 1163 3990 D.
1194 3922 1366 3991 Genitoris
1410 3925 1524 3988 nostri

267 4032 328 4098 pro
351 4013 552 4099 episcopatu,
577 4011 850 4093 hieromonachis,
875 4019 910 4080 et
933 4011 1076 4079 alumnis
1099 4015 1209 4098 gentis
1247 4008 1460 4089 Valachicae,
1484 4010 1525 4077 in

269 4099 364 4165 bonis
388 4099 566 4166 stabilibus
590 4100 680 4167 facta
704 4100 866 4182 fundatio,
893 4106 926 4167 et
951 4101 1061 4188 ampla
1084 4122 1144 4188 pro
1168 4098 1286 4166 iisdem
1324 4096 1525 4165 monasterii

269 4192 464 4272 structura3
489 4188 588 4254 testis
613 4189 753 4277 denique
778 4194 829 4254 est
852 4190 961 4254 nostri
983 4211 1063 4274 erga
1087 4188 1178 4254 illam
1208 4191 1341 4274 gentem
1376 4187 1525 4253 materni

269 4275 409 4344 affectus
433 4276 618 4364 propensio,
643 4299 707 4364 qua
732 4284 839 4343 motae
862 4277 945 4363 jura,
971 4276 1158 4364 privilegia,
1183 4275 1316 4342 indulta
1347 4279 1382 4340 et
1405 4273 1527 4340 immu-

269 4364 404 4444 nitates,
429 4363 589 4431 Valachia
612 4365 645 4430 di
672 4365 824 4431 lomatice
848 4385 1003 4432 concessa
1026 4366 1167 4450 benigna
1191 4363 1395 4442 confirmare,
1410 4360 1446 4427 in
1470 4382 1525 4428 co·

270 4452 372 4517 dicem
395 4452 603 4539 publicorum
627 4389 881 4519 Thansilvaniaa
904 4453 1121 4519 articulorum
1144 4451 1289 4536 referre3
1314 4472 1374 4538 pro
1408 4449 1526 4517 Eccle-

269 4541 326 4606 siis
349 4543 384 4605 et
408 4539 559 4607 domibus
582 4537 837 4629 parochialibus,
862 4540 968 4607 sicubi
991 4543 1030 4606 iis
1077 4546 1238 4622 carerent,
1289 4537 1416 4619 londos,
1463 4559 1526 4606 seu

269 4629 342 4694 loca
364 4630 505 4709 interna,
529 4631 562 4695 in
586 4630 683 4718 pagis
707 4628 920 4710 excindenda,
946 4634 980 4695 et
1004 4629 1228 4716 assignanda;
1263 4626 1427 4716 parochis,
1451 4629 1524 4714 qui·

270 4716 332 4791 bus
354 4716 562 4801 agricultura
586 4739 651 4784 non
674 4723 773 4797 esset,
798 4720 945 4804 capetias
969 4717 1171 4784 ordinandas
1216 4715 1373 4783 mandare
1419 4715 1524 4782 eccle·
