3420 5358
864 408 1068 539 Q

525 762 560 856 ἓ.
590 759 657 842 92.
685 761 754 876 De,
776 759 1106 864 Impedimentis
1133 757 1414 843 Matrimonii.

440 905 522 974 Cum
548 905 705 974 Christus
729 905 933 973 Matronium
958 905 1144 973 elevaverit
1166 904 1209 972 ad
1230 905 1444 993 ,dignitatem
1475 903 1575 973 Sacra·

339 993 455 1074 menti,
480 993 632 1062 Ecclesia
655 1016 719 1082 qua
744 994 1033 1062 Sacramentcrun
1057 993 1283 1083 dispensatrix
1307 993 1400 1080 leges
1433 995 1575 1083 praescri-

340 1081 411 1170 psit
433 1081 544 1150 valide
568 1081 786 1150 contrahendi
810 1082 1015 1149 Matrimonii
1040 1081 1256 1150 Sacramenti.
1290 1081 1476 1149 Prohibitio
1509 1104 1575 1169 ergo

262 1192 265 1200 ·
342 1169 514 1241 Ecclesiae
534 1171 574 1237 ab
598 1169 746 1238 ineundo
770 1171 989 1250 matrimonio,
1023 1169 1294 1258 impedimentum
1317 1175 1370 1237 est
1387 1169 1576 1236 Matrimonii

343 1264 459 1349 estque
482 1258 758 1348 impedimentum
800 1258 854 1324 vel
890 1258 1059 1339 dirimens,
1084 1258 1171 1348 quod
1194 1255 1321 1324 nullan
1346 1257 1457 1328 reddit
1479 1257 1577 1326 natri-

343 1349 502 1428 monium,
527 1347 620 1414 acsi
644 1349 852 1414 contractum
876 1369 940 1414 non
980 1346 1119 1433 fuisset;
1154 1346 1208 1412 vel
1243 1350 1377 1414 tantum
1400 1345 1577 1436 inpediens,

343 1458 407 1526 quo
431 1435 626 1524 prohibetur
651 1434 793 1523 quiden,
818 1436 888 1501 sive
911 1433 1092 1523 impeditur
1117 1433 1374 1515 matrimonium,
1398 1435 1428 1502 si
1450 1441 1578 1502 verota·

343 1546 417 1592 nen
440 1521 565 1591 factum
589 1522 645 1602 sit,
669 1522 755 1589 illud
779 1544 844 1589 non
870 1523 996 1589 irritat.

343 1729 379 1825 ἓ.
407 1723 475 1806 93.
504 1724 568 1804 De
594 1721 923 1827 Inpedimentis
934 1720 1258 1806 Matrimonium
1270 1673 1578 1806 dirimentibus.

437 1890 681 1982 Inpedimenta
703 1890 893 1958 dirimentis
917 1897 998 1958 sunt
1021 1890 1087 1956 alia
1109 1889 1194 1978 juris
1215 1891 1391 1973 naturalis,
1409 1890 1516 1981 qualis
1538 1895 1581 1958 est

344 1981 495 2049 defectus
518 1979 686 2048 naturalis
709 1978 781 2046 sive
804 1979 1009 2066 incapacitas
1042 1978 1196 2046 absoluta
1241 1979 1284 2045 ad
1329 1977 1581 2069 respondendum

344 2092 442 2158 scopo
465 2066 676 2136 matrimonii
698 2067 1000 2156 praestandumque
1024 2087 1218 2136 consensum
1242 2067 1528 2150 matrimonialem,
1548 2065 1581 2134 de

238 2195 239 2204 .
344 2181 408 2248 quo
431 2157 500 2224 late
523 2155 692 2223 disserunt
714 2154 746 2221 S.
772 2155 932 2236 Oenones,
956 2177 995 2222 ac
1017 2155 1118 2222 etiam
1142 2154 1197 2222 lex
1230 2156 1421 2224 Austriaca.
1466 2155 1581 2224 Instru-

344 2245 466 2314 etionis
489 2247 515 2332 ᾖ.
541 2243 592 2310 13.
616 2245 662 2310 sic
686 2250 803 2310 sonat:
829 2244 1001 2324 Amantes,
1026 2242 1155 2324 furiosi,
1180 2242 1339 2325 infantes,
1359 2245 1582 2333 etquicunque

344 2335 488 2423 impares
510 2337 599 2412 suat,
624 2331 736 2416 talem,
760 2330 891 2420 qualem
914 2333 962 2398 rei
984 2336 1109 2398 natura
1132 2331 1249 2418 exigit,
1275 2353 1469 2401 eonsensum
1503 2353 1583 2422 prae·

345 2421 475 2503 stando,
499 2419 747 2488 matrimonium
770 2419 965 2486 contrahere
990 2425 1172 2508 nequeunt.
1198 2457 1241 2470 ·-
1265 2418 1353 2487 Sunt
1376 2427 1486 2488 autem
1529 2419 1582 2488 In·

345 2510 537 2601 pedimenta
562 2505 754 2575 dirimentis
779 2509 881 2574 etiam
905 2505 989 2596 juris
1011 2507 1177 2574 naturalis
1192 2530 1230 2574 ac
1243 2506 1471 2597 divini,prout
1482 2507 1583 2577 videre

346 2605 399 2666 est
422 2596 513 2686 apud
537 2596 694 2699 probatos
717 2595 913 2680 Theologos.
937 2596 1090 2684 Denique
1113 2601 1192 2663 sunt
1226 2595 1470 2685 Inpedimenta
1514 2593 1584 2662 diri·

344 2689 467 2756 mentis
487 2685 572 2774 juris
595 2683 813 2751 ecelesiastici
836 2683 994 2750 canoniea
1016 2683 1223 2772 compellata.
1247 2684 1491 2774 inpedimenta
1515 2684 1582 2752 diri-

347 2777 475 2844 mentia
499 2773 552 2839 his
575 2772 748 2840 versiculis
772 2771 945 2859 complecti
969 2770 1093 2840 solent:

487 2925 604 3006 Error,
629 2923 783 3006 conditio,
808 2928 933 3005 votum,
958 2923 1112 3011 cognatio
1137 2924 1269 3008 crinea,

486 3013 607 3083 Cultus
630 3012 819 3100 disparitas,
845 3012 906 3093 vis,
931 3013 1021 3092 ordo,
1053 3013 1207 3100 ligamen,
1232 3014 1401 3098 honestas,

489 3101 525 3170 Si
547 3099 594 3168 sis
619 3101 739 3182 affinis,
765 3100 794 3168 si
819 3100 1045 3169 clandestinus
1069 3107 1104 3168 et
1127 3102 1243 3190 impos,

455 3259 457 3265 ,
486 3191 524 3258 Si
548 3188 670 3256 mulier
693 3190 739 3255 sit
762 3195 870 3278 rapta,
894 3189 965 3257 loco
988 3211 1048 3256 neo
1070 3189 1202 3256 reddita
1225 3196 1310 3273 tuto,

486 3280 578 3347 Haec
611 3277 763 3345 facienda
796 3283 924 3358 vetant,
961 3277 1124 3345 connubia
1147 3278 1237 3346 iacta
1260 3282 1457 3348 retractant.

586 3481 621 3575 ἓ.
650 3477 716 3560 94.
749 3480 814 3560 De
843 3478 1156 3582 Inpedimenta
1184 3478 1368 3563 Erroris

441 3645 720 3734 impedimentum
746 3646 881 3714 Erroris
914 3649 1083 3735 contingit
1106 3648 1194 3715 circa
1217 3668 1399 3736 personam,
1440 3645 1589 3733 damper

348 3754 493 3801 errorem
515 3736 617 3799 aliam
641 3734 736 3802 duxit
773 3756 960 3822 personam,
1000 3758 1098 3825 quam
1132 3734 1300 3820 intendit;
1335 3734 1446 3803 voluit
1479 3734 1589 3800 ducere

346 3822 453 3903 Liam,
478 3827 512 3889 et
535 3823 632 3888 duxit
655 3822 893 3910 Semproniam,
918 3831 1047 3911 putans
1071 3824 1156 3890 hanc
1180 3845 1252 3890 esse
1283 3821 1390 3889 Liam.
1426 3823 1497 3892 aut
1527 3839 1589 3886 ver·

348 3915 443 3977 satur
466 3932 558 3976 error
581 3911 667 3976 eirca
690 3911 887 3998 qualitatem
911 3934 1074 3998 personae
1097 3919 1179 4001 puta
1204 3910 1426 3992 nobilitatem,
1452 3909 1588 3986 divitias,

347 3999 520 4078 virtutem,
545 3997 785 4085 virginitatem,
819 3998 964 4065 indolem
1001 4005 1100 4066 etcet.
1140 4000 1248 4085 qualis
1287 4011 1394 4065 tamen
1418 4017 1509 4067 error
1529 4017 1590 4062 non

349 4085 477 4153 dirimit
501 4085 759 4163 matrimonium,
784 4088 850 4152 nisi
874 4087 921 4153 sit
945 4109 1124 4154 consensus
1148 4109 1303 4176 expresse
1326 4085 1368 4153 ad
1381 4095 1504 4154 certam
1518 4105 1590 4172 qua·

348 4174 477 4241 litatem
502 4195 575 4262 qua¹
604 4173 826 4240 conditionem
867 4197 897 4240 v.
933 4198 965 4262 g.
1003 4175 1236 4262 virginitatem
1270 4175 1442 4262 alligatus.
1480 4174 1590 4242 Potest

348 4266 461 4328 autem
484 4283 575 4329 error
599 4263 684 4328 circa
708 4263 906 4350 qualitatem
931 4263 1109 4350 aliquando
1128 4263 1314 4331 redundare
1337 4264 1373 4330 in
1397 4263 1503 4353 ipsam
1525 4280 1590 4350 per·

348 4371 472 4431 sonan,
497 4350 589 4416 etin
623 4350 685 4417 hcc
709 4373 787 4417 casu
812 4351 945 4416 dirimit
968 4353 1215 4420 matrimonium
1238 4375 1268 4418 v.
1293 4374 1325 4438 g.
1350 4351 1456 4441 siquis
1479 4349 1590 4417 ducere

348 4437 457 4504 voluit
480 4437 744 4525 primogenitam,
769 4445 804 4506 et
827 4440 964 4505 obtrusa
988 4445 1040 4507 est
1062 4440 1111 4507 illi
1141 4439 1411 4526 secundogenita.
1435 4438 1506 4508 Lex
1527 4437 1590 4504 Au·

349 4525 473 4594 striaoa
496 4527 583 4592 circa
605 4527 875 4614 inpedimentum
894 4528 1015 4594 erroris
1038 4530 1086 4595 sio
1109 4535 1215 4595 sonat.

444 4613 682 4680 instructionis
706 4615 723 4700 ξ
748 4614 819 4679 14.;
844 4615 895 4682 Ne
919 4637 1098 4684 consensus
1134 4616 1242 4696 detur,
1280 4620 1315 4682 et
1352 4612 1590 4682 matrimonium

348 4701 572 4781 contrahatur,
597 4701 736 4792 inpedit
760 4725 860 4781 error,
885 4702 940 4790 qui
968 4711 1120 4770 versatur
1154 4705 1240 4770 circa
1275 4724 1449 4790 personam
1486 4698 1589 4767 tutari

350 4789 522 4878 Coujugis,
551 4795 610 4854 ant
634 4790 691 4876 qui
716 4793 746 4854 in
773 4812 943 4878 personam
969 4792 1142 4858 redundat.
1168 4792 1209 4858 In
1232 4813 1402 4879 personam
1417 4796 1525 4858 auten
1548 4808 1591 4854 re·
